<?xml version="1.0" encoding="UTF-8"?>
<?xml-stylesheet type="text/xsl" href="http://inspirehep.net/css/oai2.xsl.v1.0" ?>
<OAI-PMH xmlns="http://www.openarchives.org/OAI/2.0/" xmlns:xsi="http://www.w3.org/2001/XMLSchema-instance" xsi:schemaLocation="http://www.openarchives.org/OAI/2.0/ http://www.openarchives.org/OAI/2.0/OAI-PMH.xsd">
<responseDate>2017-04-03T17:37:41Z</responseDate><request from="2017-01-01" verb="ListRecords" set="INSPIRE:HEP" metadataPrefix="marcxml" until="2017-01-01">http://inspirehep.net/oai2d</request><ListRecords>
<record><header><identifier>oai:inspirehep.net:696148</identifier><datestamp>2017-01-01T00:35:36Z</datestamp><setSpec>INSPIRE:HEP</setSpec></header><metadata><marc:record xmlns:marc="http://www.loc.gov/MARC21/slim" xmlns:xsi="http://www.w3.org/2001/XMLSchema-instance" xsi:schemaLocation="http://www.loc.gov/MARC21/slim http://www.loc.gov/standards/marcxml/schema/MARC21slim.xsd" type="Bibliographic">
     <marc:leader>00000coc  2200000uu 4500</marc:leader>
  <marc:controlfield tag="001">696148</marc:controlfield>
  <marc:controlfield tag="005">20170101013535.0</marc:controlfield>
  <marc:datafield tag="035" ind1=" " ind2=" ">
    <marc:subfield code="9">arXiv</marc:subfield>
    <marc:subfield code="a">oai:arXiv.org:hep-ph/0510335</marc:subfield>
    <marc:subfield code="z">oai:arXiv.org:hep-ph/0510335</marc:subfield>
  </marc:datafield>
  <marc:datafield tag="035" ind1=" " ind2=" ">
    <marc:subfield code="9">DESY</marc:subfield>
    <marc:subfield code="z">D06-04088</marc:subfield>
  </marc:datafield>
  <marc:datafield tag="035" ind1=" " ind2=" ">
    <marc:subfield code="9">SPIRESTeX</marc:subfield>
    <marc:subfield code="a">Serbo:2005vu</marc:subfield>
  </marc:datafield>
  <marc:datafield tag="035" ind1=" " ind2=" ">
    <marc:subfield code="9">ADS</marc:subfield>
    <marc:subfield code="a">2006AcPPB..37.1333S</marc:subfield>
  </marc:datafield>
  <marc:datafield tag="037" ind1=" " ind2=" ">
    <marc:subfield code="9">arXiv</marc:subfield>
    <marc:subfield code="a">hep-ph/0510335</marc:subfield>
    <marc:subfield code="c">hep-ph</marc:subfield>
  </marc:datafield>
  <marc:datafield tag="084" ind1=" " ind2=" ">
    <marc:subfield code="2">PACS</marc:subfield>
    <marc:subfield code="a">11.15.Ex</marc:subfield>
  </marc:datafield>
  <marc:datafield tag="084" ind1=" " ind2=" ">
    <marc:subfield code="2">PACS</marc:subfield>
    <marc:subfield code="a">11.10.-z</marc:subfield>
  </marc:datafield>
  <marc:datafield tag="084" ind1=" " ind2=" ">
    <marc:subfield code="2">PACS</marc:subfield>
    <marc:subfield code="a">12.15.-y</marc:subfield>
  </marc:datafield>
  <marc:datafield tag="084" ind1=" " ind2=" ">
    <marc:subfield code="2">PACS</marc:subfield>
    <marc:subfield code="a">12.20.-m</marc:subfield>
  </marc:datafield>
  <marc:datafield tag="100" ind1=" " ind2=" ">
    <marc:subfield code="a">Serbo, Valery G.</marc:subfield>
    <marc:subfield code="u">Novosibirsk State U.</marc:subfield>
  </marc:datafield>
  <marc:datafield tag="245" ind1=" " ind2=" ">
    <marc:subfield code="a">Basics of a photon collider</marc:subfield>
  </marc:datafield>
  <marc:datafield tag="246" ind1=" " ind2=" ">
    <marc:subfield code="9">arXiv</marc:subfield>
    <marc:subfield code="a">Basics of a photon collider.</marc:subfield>
  </marc:datafield>
  <marc:datafield tag="269" ind1=" " ind2=" ">
    <marc:subfield code="c">2005-10</marc:subfield>
  </marc:datafield>
  <marc:datafield tag="300" ind1=" " ind2=" ">
    <marc:subfield code="a">22</marc:subfield>
  </marc:datafield>
  <marc:datafield tag="520" ind1=" " ind2=" ">
    <marc:subfield code="a">This small review is devoted to $\gamma\gamma$ collisions including methods of creating the colliding $\gamma \gamma$ beams of high energy and physical problems which can be solved or clarified in such collisions. Contents: 1. Introduction 1.1. The subject 1.2. Interaction of photons in the Maxwell theory and QED 2. Collisions of equivalent photons at $e^+e^-$ storage rings 3. Results obtained in virtual $\gamma^*\gamma^*$ collisions 4. Linear $e^{\pm} e^-$ collider 5. Photon collider on a base of a linear $e^{\pm} e^-$ collider 5.1. Idea of high-energy $\gamma\gamma$ and $\gamma e$ colliders with real photons 5.2. Scheme of a photon collider 5.3. Compton scattering as a basic process for $e\to \gamma$ conversion 6. Physics of $\gamma\gamma$ interactions 7. Concluding remarks 7.1. Summary from TESLA TDR 7.2. Prediction of Andrew Sessler in 1998 7.3. Conclusion of Karl von Weizsacker for young physicists</marc:subfield>
  </marc:datafield>
  <marc:datafield tag="650" ind1="1" ind2="7">
    <marc:subfield code="2">INSPIRE</marc:subfield>
    <marc:subfield code="a">Accelerators</marc:subfield>
  </marc:datafield>
  <marc:datafield tag="650" ind1="1" ind2="7">
    <marc:subfield code="2">INSPIRE</marc:subfield>
    <marc:subfield code="a">Phenomenology-HEP</marc:subfield>
  </marc:datafield>
  <marc:datafield tag="690" ind1="C" ind2=" ">
    <marc:subfield code="2">INSPIRE</marc:subfield>
    <marc:subfield code="a">Conference Paper</marc:subfield>
  </marc:datafield>
  <marc:datafield tag="690" ind1="C" ind2=" ">
    <marc:subfield code="2">INSPIRE</marc:subfield>
    <marc:subfield code="a">Lectures</marc:subfield>
  </marc:datafield>
  <marc:datafield tag="690" ind1="C" ind2=" ">
    <marc:subfield code="2">INSPIRE</marc:subfield>
    <marc:subfield code="a">Published</marc:subfield>
  </marc:datafield>
  <marc:datafield tag="690" ind1="C" ind2=" ">
    <marc:subfield code="2">INSPIRE</marc:subfield>
    <marc:subfield code="a">Review</marc:subfield>
  </marc:datafield>
  <marc:datafield tag="695" ind1=" " ind2=" ">
    <marc:subfield code="2">INSPIRE</marc:subfield>
    <marc:subfield code="a">lectures: Warsaw and Kazimierz 2005/08/30</marc:subfield>
  </marc:datafield>
  <marc:datafield tag="695" ind1=" " ind2=" ">
    <marc:subfield code="2">INSPIRE</marc:subfield>
    <marc:subfield code="a">photon photon: colliding beams</marc:subfield>
  </marc:datafield>
  <marc:datafield tag="695" ind1=" " ind2=" ">
    <marc:subfield code="2">INSPIRE</marc:subfield>
    <marc:subfield code="a">photon electron: colliding beams</marc:subfield>
  </marc:datafield>
  <marc:datafield tag="695" ind1=" " ind2=" ">
    <marc:subfield code="2">INSPIRE</marc:subfield>
    <marc:subfield code="a">electron positron: inelastic scattering</marc:subfield>
  </marc:datafield>
  <marc:datafield tag="695" ind1=" " ind2=" ">
    <marc:subfield code="2">INSPIRE</marc:subfield>
    <marc:subfield code="a">exchange: two-photon</marc:subfield>
  </marc:datafield>
  <marc:datafield tag="695" ind1=" " ind2=" ">
    <marc:subfield code="2">INSPIRE</marc:subfield>
    <marc:subfield code="a">electron positron: linear collider</marc:subfield>
  </marc:datafield>
  <marc:datafield tag="695" ind1=" " ind2=" ">
    <marc:subfield code="2">INSPIRE</marc:subfield>
    <marc:subfield code="a">electron electron: colliding beams</marc:subfield>
  </marc:datafield>
  <marc:datafield tag="695" ind1=" " ind2=" ">
    <marc:subfield code="2">INSPIRE</marc:subfield>
    <marc:subfield code="a">backscatter: laser</marc:subfield>
  </marc:datafield>
  <marc:datafield tag="695" ind1=" " ind2=" ">
    <marc:subfield code="2">INSPIRE</marc:subfield>
    <marc:subfield code="a">photon electron: Compton scattering</marc:subfield>
  </marc:datafield>
  <marc:datafield tag="695" ind1=" " ind2=" ">
    <marc:subfield code="2">INSPIRE</marc:subfield>
    <marc:subfield code="a">Compton scattering: backscatter</marc:subfield>
  </marc:datafield>
  <marc:datafield tag="695" ind1=" " ind2=" ">
    <marc:subfield code="2">INSPIRE</marc:subfield>
    <marc:subfield code="a">photon: energy spectrum</marc:subfield>
  </marc:datafield>
  <marc:datafield tag="695" ind1=" " ind2=" ">
    <marc:subfield code="2">INSPIRE</marc:subfield>
    <marc:subfield code="a">photon: angular distribution</marc:subfield>
  </marc:datafield>
  <marc:datafield tag="695" ind1=" " ind2=" ">
    <marc:subfield code="2">INSPIRE</marc:subfield>
    <marc:subfield code="a">photon: polarization</marc:subfield>
  </marc:datafield>
  <marc:datafield tag="695" ind1=" " ind2=" ">
    <marc:subfield code="2">INSPIRE</marc:subfield>
    <marc:subfield code="a">quantum electrodynamics</marc:subfield>
  </marc:datafield>
  <marc:datafield tag="695" ind1=" " ind2=" ">
    <marc:subfield code="2">INSPIRE</marc:subfield>
    <marc:subfield code="a">photon photon: interaction</marc:subfield>
  </marc:datafield>
  <marc:datafield tag="695" ind1=" " ind2=" ">
    <marc:subfield code="2">INSPIRE</marc:subfield>
    <marc:subfield code="a">photon: on-shell</marc:subfield>
  </marc:datafield>
  <marc:datafield tag="695" ind1=" " ind2=" ">
    <marc:subfield code="2">INSPIRE</marc:subfield>
    <marc:subfield code="a">photon: off-shell</marc:subfield>
  </marc:datafield>
  <marc:datafield tag="695" ind1=" " ind2=" ">
    <marc:subfield code="2">INSPIRE</marc:subfield>
    <marc:subfield code="a">hadron: photoproduction</marc:subfield>
  </marc:datafield>
  <marc:datafield tag="695" ind1=" " ind2=" ">
    <marc:subfield code="2">INSPIRE</marc:subfield>
    <marc:subfield code="a">channel cross section: energy dependence</marc:subfield>
  </marc:datafield>
  <marc:datafield tag="695" ind1=" " ind2=" ">
    <marc:subfield code="2">INSPIRE</marc:subfield>
    <marc:subfield code="a">numerical calculations</marc:subfield>
  </marc:datafield>
  <marc:datafield tag="773" ind1=" " ind2=" ">
    <marc:subfield code="c">1333-1356</marc:subfield>
    <marc:subfield code="p">Acta Phys.Polon.</marc:subfield>
    <marc:subfield code="v">B37</marc:subfield>
    <marc:subfield code="y">2006</marc:subfield>
  </marc:datafield>
  <marc:datafield tag="773" ind1=" " ind2=" ">
    <marc:subfield code="t">Lectures given at</marc:subfield>
    <marc:subfield code="w">C05-08-30</marc:subfield>
  </marc:datafield>
  <marc:datafield tag="856" ind1="4" ind2=" ">
    <marc:subfield code="u">http://th-www.if.uj.edu.pl/acta/vol37/abs/v37p1333.htm</marc:subfield>
    <marc:subfield code="w">vol37/abs/v37p1333.htm</marc:subfield>
    <marc:subfield code="y">APPOA</marc:subfield>
  </marc:datafield>
  <marc:datafield tag="856" ind1="4" ind2=" ">
    <marc:subfield code="s">647810</marc:subfield>
    <marc:subfield code="u">http://inspirehep.net/record/696148/files/v37p1333.pdf</marc:subfield>
    <marc:subfield code="y">fulltext</marc:subfield>
  </marc:datafield>
  <marc:datafield tag="909" ind1="C" ind2="O">
    <marc:subfield code="o">oai:inspirehep.net:696148</marc:subfield>
    <marc:subfield code="p">INSPIRE:HEP</marc:subfield>
  </marc:datafield>
  <marc:datafield tag="961" ind1=" " ind2=" ">
    <marc:subfield code="x">2005-10-26</marc:subfield>
  </marc:datafield>
  <marc:datafield tag="961" ind1=" " ind2=" ">
    <marc:subfield code="c">2007-07-10</marc:subfield>
  </marc:datafield>
  <marc:datafield tag="970" ind1=" " ind2=" ">
    <marc:subfield code="a">SPIRES-6409873</marc:subfield>
  </marc:datafield>
  <marc:datafield tag="980" ind1=" " ind2=" ">
    <marc:subfield code="a">ConferencePaper</marc:subfield>
  </marc:datafield>
  <marc:datafield tag="980" ind1=" " ind2=" ">
    <marc:subfield code="a">Published</marc:subfield>
  </marc:datafield>
  <marc:datafield tag="980" ind1=" " ind2=" ">
    <marc:subfield code="a">arXiv</marc:subfield>
  </marc:datafield>
  <marc:datafield tag="980" ind1=" " ind2=" ">
    <marc:subfield code="a">Citeable</marc:subfield>
  </marc:datafield>
  <marc:datafield tag="980" ind1=" " ind2=" ">
    <marc:subfield code="a">Review</marc:subfield>
  </marc:datafield>
  <marc:datafield tag="980" ind1=" " ind2=" ">
    <marc:subfield code="a">Lectures</marc:subfield>
  </marc:datafield>
  <marc:datafield tag="980" ind1=" " ind2=" ">
    <marc:subfield code="a">CORE</marc:subfield>
  </marc:datafield>
  <marc:datafield tag="980" ind1=" " ind2=" ">
    <marc:subfield code="a">HEP</marc:subfield>
  </marc:datafield>
  <marc:datafield tag="999" ind1="C" ind2="5">
    <marc:subfield code="9">CURATOR</marc:subfield>
    <marc:subfield code="o">1</marc:subfield>
    <marc:subfield code="s">Phys.Rept.,15,181</marc:subfield>
  </marc:datafield>
  <marc:datafield tag="999" ind1="C" ind2="5">
    <marc:subfield code="9">CURATOR</marc:subfield>
    <marc:subfield code="o">3</marc:subfield>
    <marc:subfield code="r">hep-ex/0108012</marc:subfield>
    <marc:subfield code="s">Int.J.Mod.Phys.,A19,5097</marc:subfield>
  </marc:datafield>
  <marc:datafield tag="999" ind1="C" ind2="5">
    <marc:subfield code="s">Phys.Lett.,B34,663</marc:subfield>
  </marc:datafield>
  <marc:datafield tag="999" ind1="C" ind2="5">
    <marc:subfield code="s">Yad.Fiz.,16,729</marc:subfield>
  </marc:datafield>
  <marc:datafield tag="999" ind1="C" ind2="5">
    <marc:subfield code="s">Compt.Rend.Math.,B269,153</marc:subfield>
  </marc:datafield>
  <marc:datafield tag="999" ind1="C" ind2="5">
    <marc:subfield code="s">Nuovo Cim.,4,933</marc:subfield>
  </marc:datafield>
  <marc:datafield tag="999" ind1="C" ind2="5">
    <marc:subfield code="s">JETP Lett.,11,388</marc:subfield>
  </marc:datafield>
  <marc:datafield tag="999" ind1="C" ind2="5">
    <marc:subfield code="s">Phys.Lett.,B37,320</marc:subfield>
  </marc:datafield>
  <marc:datafield tag="999" ind1="C" ind2="5">
    <marc:subfield code="s">Yad.Fiz.,13,353</marc:subfield>
  </marc:datafield>
  <marc:datafield tag="999" ind1="C" ind2="5">
    <marc:subfield code="s">Phys.Rev.Lett.,25,972</marc:subfield>
  </marc:datafield>
  <marc:datafield tag="999" ind1="C" ind2="5">
    <marc:subfield code="s">Phys.Rev.,D4,1532</marc:subfield>
  </marc:datafield>
  <marc:datafield tag="999" ind1="C" ind2="5">
    <marc:subfield code="s">JETP Lett.,34,491</marc:subfield>
  </marc:datafield>
  <marc:datafield tag="999" ind1="C" ind2="5">
    <marc:subfield code="9">CURATOR</marc:subfield>
    <marc:subfield code="o">9</marc:subfield>
    <marc:subfield code="s">Nucl.Instrum.Meth.,205,47</marc:subfield>
  </marc:datafield>
  <marc:datafield tag="999" ind1="C" ind2="5">
    <marc:subfield code="s">Yad.Fiz.,38,372</marc:subfield>
  </marc:datafield>
  <marc:datafield tag="999" ind1="C" ind2="5">
    <marc:subfield code="9">CURATOR</marc:subfield>
    <marc:subfield code="o">10</marc:subfield>
    <marc:subfield code="s">Nucl.Instrum.Meth.,A219,5</marc:subfield>
  </marc:datafield>
  <marc:datafield tag="999" ind1="C" ind2="5">
    <marc:subfield code="9">CURATOR</marc:subfield>
    <marc:subfield code="o">11</marc:subfield>
    <marc:subfield code="s">Phys.Today,51N3,48</marc:subfield>
  </marc:datafield>
  <marc:datafield tag="999" ind1="C" ind2="5">
    <marc:subfield code="9">CURATOR</marc:subfield>
    <marc:subfield code="o">12</marc:subfield>
    <marc:subfield code="r">arXiv:1007.0104</marc:subfield>
    <marc:subfield code="s">Eur.Phys.J.,D10,141</marc:subfield>
  </marc:datafield>
  <marc:datafield tag="999" ind1="C" ind2="5">
    <marc:subfield code="9">CURATOR</marc:subfield>
    <marc:subfield code="o">13</marc:subfield>
    <marc:subfield code="s">Z.Phys.,29,315</marc:subfield>
  </marc:datafield>
  <marc:datafield tag="999" ind1="C" ind2="5">
    <marc:subfield code="s">Kong.Dan.Vid.Sel.Mat.Fys.Med.,13,4</marc:subfield>
  </marc:datafield>
  <marc:datafield tag="999" ind1="C" ind2="5">
    <marc:subfield code="s">Z.Phys.,88,612</marc:subfield>
  </marc:datafield>
  <marc:datafield tag="999" ind1="C" ind2="5">
    <marc:subfield code="s">Phys.Z.Sowjetunion,6,244</marc:subfield>
  </marc:datafield>
  <marc:datafield tag="999" ind1="C" ind2="5">
    <marc:subfield code="s">Lett.Nuovo Cim.,3S2,709</marc:subfield>
  </marc:datafield>
  <marc:datafield tag="999" ind1="C" ind2="5">
    <marc:subfield code="s">Phys.Rev.Lett.,32,385</marc:subfield>
  </marc:datafield>
  <marc:datafield tag="999" ind1="C" ind2="5">
    <marc:subfield code="s">Phys.Lett.,B48,380</marc:subfield>
  </marc:datafield>
  <marc:datafield tag="999" ind1="C" ind2="5">
    <marc:subfield code="s">Nucl.Phys.,B120,189</marc:subfield>
  </marc:datafield>
  <marc:datafield tag="999" ind1="C" ind2="5">
    <marc:subfield code="s">Phys.Lett.,B79,83</marc:subfield>
  </marc:datafield>
  <marc:datafield tag="999" ind1="C" ind2="5">
    <marc:subfield code="s">Phys.Rev.,D19,1418</marc:subfield>
  </marc:datafield>
  <marc:datafield tag="999" ind1="C" ind2="5">
    <marc:subfield code="s">Yad.Fiz.,31,700</marc:subfield>
  </marc:datafield>
  <marc:datafield tag="999" ind1="C" ind2="5">
    <marc:subfield code="s">Sov.J.Nucl.Phys.,28,822</marc:subfield>
  </marc:datafield>
  <marc:datafield tag="999" ind1="C" ind2="5">
    <marc:subfield code="s">Phys.Rev.Lett.,43,477</marc:subfield>
  </marc:datafield>
  <marc:datafield tag="999" ind1="C" ind2="5">
    <marc:subfield code="s">Phys.Rept.,267,71</marc:subfield>
  </marc:datafield>
  <marc:datafield tag="999" ind1="C" ind2="5">
    <marc:subfield code="s">Int.J.Mod.Phys.,A1,545</marc:subfield>
  </marc:datafield>
  <marc:datafield tag="999" ind1="C" ind2="5">
    <marc:subfield code="s">J.Phys.,G20,A1</marc:subfield>
  </marc:datafield>
  <marc:datafield tag="999" ind1="C" ind2="5">
    <marc:subfield code="s">Phys.Lett.,4,176</marc:subfield>
  </marc:datafield>
  <marc:datafield tag="999" ind1="C" ind2="5">
    <marc:subfield code="s">Phys.Rev.Lett.,10,75</marc:subfield>
  </marc:datafield>
  <marc:datafield tag="999" ind1="C" ind2="5">
    <marc:subfield code="s">Phys.Lett.,13,344</marc:subfield>
  </marc:datafield>
  <marc:datafield tag="999" ind1="C" ind2="5">
    <marc:subfield code="s">Phys.Rev.Lett.,23,498</marc:subfield>
  </marc:datafield>
  <marc:datafield tag="999" ind1="C" ind2="5">
    <marc:subfield code="s">Nucl.Instrum.Meth.,A401,430</marc:subfield>
  </marc:datafield>
  <marc:datafield tag="999" ind1="C" ind2="5">
    <marc:subfield code="r">hep-ph/0402139</marc:subfield>
    <marc:subfield code="s">Eur.Phys.J.,C36,127</marc:subfield>
  </marc:datafield>
  <marc:datafield tag="999" ind1="C" ind2="5">
    <marc:subfield code="r">hep-ph/0412032</marc:subfield>
    <marc:subfield code="s">Eur.Phys.J.,C40,27</marc:subfield>
  </marc:datafield>
</marc:record>
</metadata></record>