<record><header><identifier>oai:inspirehep.net:850638</identifier><datestamp>2017-01-01T18:01:29Z</datestamp><setSpec>INSPIRE:HEP</setSpec></header><metadata><marc:record xmlns:marc="http://www.loc.gov/MARC21/slim" xmlns:xsi="http://www.w3.org/2001/XMLSchema-instance" xsi:schemaLocation="http://www.loc.gov/MARC21/slim http://www.loc.gov/standards/marcxml/schema/MARC21slim.xsd" type="Bibliographic">
     <marc:leader>00000coc  2200000uu 4500</marc:leader>
  <marc:controlfield tag="001">850638</marc:controlfield>
  <marc:controlfield tag="005">20170220225521.0</marc:controlfield>
  <marc:datafield tag="024" ind1="7" ind2=" ">
    <marc:subfield code="2">DOI</marc:subfield>
    <marc:subfield code="a">10.1088/0004-637X/715/2/775</marc:subfield>
  </marc:datafield>
  <marc:datafield tag="035" ind1=" " ind2=" ">
    <marc:subfield code="a">Papadopoulos:2010ap</marc:subfield>
    <marc:subfield code="9">SPIRESTeX</marc:subfield>
  </marc:datafield>
  <marc:datafield tag="035" ind1=" " ind2=" ">
    <marc:subfield code="9">arXiv</marc:subfield>
    <marc:subfield code="a">oai:arXiv.org:1003.5889</marc:subfield>
  </marc:datafield>
  <marc:datafield tag="035" ind1=" " ind2=" ">
    <marc:subfield code="9">ADS</marc:subfield>
    <marc:subfield code="a">2010ApJ...715..775P</marc:subfield>
  </marc:datafield>
  <marc:datafield tag="037" ind1=" " ind2=" ">
    <marc:subfield code="9">arXiv</marc:subfield>
    <marc:subfield code="a">arXiv:1003.5889</marc:subfield>
    <marc:subfield code="c">astro-ph.CO</marc:subfield>
  </marc:datafield>
  <marc:datafield tag="100" ind1=" " ind2=" ">
    <marc:subfield code="a">Papadopoulos, Padeli P.</marc:subfield>
  </marc:datafield>
  <marc:datafield tag="245" ind1=" " ind2=" ">
    <marc:subfield code="a">CO Spectral Line Energy Distributions of IR-luminous galaxies and AGN</marc:subfield>
  </marc:datafield>
  <marc:datafield tag="246" ind1=" " ind2=" ">
    <marc:subfield code="a">CO Spectral Line Energy Distributions of IR-luminous galaxies and AGN</marc:subfield>
    <marc:subfield code="9">arXiv</marc:subfield>
  </marc:datafield>
  <marc:datafield tag="269" ind1=" " ind2=" ">
    <marc:subfield code="c">2010-03</marc:subfield>
  </marc:datafield>
  <marc:datafield tag="300" ind1=" " ind2=" ">
    <marc:subfield code="a">45</marc:subfield>
  </marc:datafield>
  <marc:datafield tag="500" ind1=" " ind2=" ">
    <marc:subfield code="a">* Brief entry *</marc:subfield>
  </marc:datafield>
  <marc:datafield tag="500" ind1=" " ind2=" ">
    <marc:subfield code="a">45 pages, 12 figures, accepted for publication at The Astrophysical Journal</marc:subfield>
    <marc:subfield code="9">arXiv</marc:subfield>
  </marc:datafield>
  <marc:datafield tag="520" ind1=" " ind2=" ">
    <marc:subfield code="a">We report on new sensitive CO J=6-5 line observations of several luminous infrared Galaxies (LIRGs: L$_{\rm IR}$(8-1000$\mu $m$)\ga 10^{11}$ L$_{\odot}$), 36% (8/22) of them ULIRGs (L$_{\rm IR}$$&gt;10^{12}$ L$_{\odot}$), and two powerful local AGN: the optically luminous QSO PG 1119+120, and the powerful radio galaxy 3C 293 using the James Clerk Maxwell Telescope (JCMT) on Mauna Kea in Hawaii. We combine these observations with existing low-J CO data and dust emission Spectral Energy Distributions (SEDs) in the far-infrared - submillimetre from the literature to constrain the properties of the star-forming ISM in these systems. We then build the first {\it local} CO Spectral Line Energy Distributions (SLEDs) for the {\it global} molecular gas reservoirs that reach up to high J-levels. These CO SLEDs are neither biased by strong lensing (which affects many of those constructed for high-redshift galaxies), nor suffer from undersampling of CO-bright regions (as most current high-J CO observations of nearby extended systems do). We find: ...</marc:subfield>
    <marc:subfield code="9">arXiv</marc:subfield>
  </marc:datafield>
  <marc:datafield tag="540" ind1=" " ind2=" ">
    <marc:subfield code="u">http://arxiv.org/licenses/nonexclusive-distrib/1.0/</marc:subfield>
    <marc:subfield code="b">arXiv</marc:subfield>
  </marc:datafield>
  <marc:datafield tag="650" ind1="1" ind2="7">
    <marc:subfield code="a">Astrophysics</marc:subfield>
    <marc:subfield code="2">INSPIRE</marc:subfield>
  </marc:datafield>
  <marc:datafield tag="690" ind1="C" ind2=" ">
    <marc:subfield code="a">Published</marc:subfield>
    <marc:subfield code="2">INSPIRE</marc:subfield>
  </marc:datafield>
  <marc:datafield tag="700" ind1=" " ind2=" ">
    <marc:subfield code="a">van der Werf, Paul</marc:subfield>
  </marc:datafield>
  <marc:datafield tag="700" ind1=" " ind2=" ">
    <marc:subfield code="a">Isaak, Kate</marc:subfield>
  </marc:datafield>
  <marc:datafield tag="700" ind1=" " ind2=" ">
    <marc:subfield code="a">Xilouris, Emmanuel M.</marc:subfield>
  </marc:datafield>
  <marc:datafield tag="773" ind1=" " ind2=" ">
    <marc:subfield code="p">Astrophys.J.</marc:subfield>
    <marc:subfield code="v">715</marc:subfield>
    <marc:subfield code="c">775-792</marc:subfield>
    <marc:subfield code="y">2010</marc:subfield>
  </marc:datafield>
  <marc:datafield tag="856" ind1="4" ind2=" ">
    <marc:subfield code="u">http://inspirehep.net/record/850638/files/3C293.png</marc:subfield>
    <marc:subfield code="y">00017 (cont.) CO J=3--2, 6--5 spectra for the galaxies in Table 1, with  typical  velocity  resolutions  $\rm  \Delta  V_{ch}$$\sim $20--30\,km\,s$^{-1}$, and in special cases up to 50--60\,km\,s$^{-1}$ (CO 6--5 in Mrk\,273, CO 2--1 in IRAS\,23365+3604). The CO J=6--5 line in IRAS\,23365+3604 is shown overlaid separately with the J=2--1 and J=3--2 transitions for clarity, if detected this line seems to bepresent over a narrower FWZI than in the two lower-J transitions.</marc:subfield>
    <marc:subfield code="s">8874</marc:subfield>
  </marc:datafield>
  <marc:datafield tag="856" ind1="4" ind2=" ">
    <marc:subfield code="u">http://inspirehep.net/record/850638/files/3C293SLED.png</marc:subfield>
    <marc:subfield code="y">00034 The CO SLEDs possible for the massive and shock-excited molecular gas reservoir in the FR\,II powerful radio galaxy 3C\,293 where a jet-ISM interaction rather than far-UV photons drives thegaseous ISM energetics (see section 5.4).</marc:subfield>
    <marc:subfield code="s">11300</marc:subfield>
  </marc:datafield>
  <marc:datafield tag="856" ind1="4" ind2=" ">
    <marc:subfield code="u">http://inspirehep.net/record/850638/files/Arp193.png</marc:subfield>
    <marc:subfield code="y">00015 (cont.) CO J=3--2, 6--5 spectra for the galaxies in Table 1, with  typical  velocity  resolutions  $\rm  \Delta  V_{ch}$$\sim $20--30\,km\,s$^{-1}$, and in special cases up to 50--60\,km\,s$^{-1}$ (CO 6--5 in Mrk\,273, CO 2--1 in IRAS\,23365+3604). The CO J=6--5 line in IRAS\,23365+3604 is shown overlaid separately with the J=2--1 and J=3--2 transitions for clarity, if detected this line seems to bepresent over a narrower FWZI than in the two lower-J transitions.</marc:subfield>
    <marc:subfield code="s">9543</marc:subfield>
  </marc:datafield>
  <marc:datafield tag="856" ind1="4" ind2=" ">
    <marc:subfield code="u">http://inspirehep.net/record/850638/files/Arp193SLED.png</marc:subfield>
    <marc:subfield code="y">00031 The CO SLEDs deduced for the HCN-bright (and in principle dense and star-forming) molecular gas phase in Arp\,193 and NGC\,6240, two LIRGs with similar total $\rm M(H_2)$, $\rm L^{(SF)} _{IR}$, star-formation efficiency SFR/M(H$_2$), and HCN/CO J=1--0 luminosity ratios (section 5.1).  Surprisingly the physical conditions of the molecular gas in Arp\,193 are compatible with a total lack of a massive dense (i.e. $\rm n(H_2)$$&gt;$10$^4$\,cm$^{-3}$) gas phase, quite unlike NGC\,6240 where it dominates its total molecular gas mass and presumably fuels its vigorous star-formation. A wider range of CO luminosities for the HCN-bright phase is expected for Arp\,193 (denoted with the bars, except in the observed CO transitions) thanNGC\,6240.</marc:subfield>
    <marc:subfield code="s">9124</marc:subfield>
  </marc:datafield>
  <marc:datafield tag="856" ind1="4" ind2=" ">
    <marc:subfield code="u">http://inspirehep.net/record/850638/files/Arp220SLED.png</marc:subfield>
    <marc:subfield code="y">00030 The CO SLED of the ULIRG Arp\,220, and the effects of dust (see section 5). The ``intrinsic'' ($\tau _{850}$=0) SLED is produced from the LVG model of the HCN, HCO$^+$ and CS ratios reported by Greve et al.  2009. It is obvious that even for the small values of $\tau _{850}$ deduced for this system (Papadopoulos et al. 2010, this work) the effect on the CO SLED beyond J=5--4 can be substantial, making itappear much ``cooler'' than the intinsic one.</marc:subfield>
    <marc:subfield code="s">12203</marc:subfield>
  </marc:datafield>
  <marc:datafield tag="856" ind1="4" ind2=" ">
    <marc:subfield code="u">http://inspirehep.net/record/850638/files/Arp220_65_32_new.png</marc:subfield>
    <marc:subfield code="y">00019 (cont.) CO J=3--2, 6--5 spectra for the galaxies in Table 1, with  typical  velocity  resolutions  $\rm  \Delta  V_{ch}$$\sim $20--30\,km\,s$^{-1}$, and in special cases up to 50--60\,km\,s$^{-1}$ (CO 6--5 in Mrk\,273, CO 2--1 in IRAS\,23365+3604). The CO J=6--5 line in IRAS\,23365+3604 is shown overlaid separately with the J=2--1 and J=3--2 transitions for clarity, if detected this line seems to bepresent over a narrower FWZI than in the two lower-J transitions.</marc:subfield>
    <marc:subfield code="s">9659</marc:subfield>
  </marc:datafield>
  <marc:datafield tag="856" ind1="4" ind2=" ">
    <marc:subfield code="u">http://inspirehep.net/record/850638/files/Arp220_CO65_HCN32.png</marc:subfield>
    <marc:subfield code="y">00024 The new CO J=6--5 spectrum of Arp\,220 overlayed on 3$\times $HCN(3--2) from the JCMT. Both spectra are clearly rising at higher velocities associated with the eastern nucleus that contains the bulk of the high density gas as indicated also by Greve et al. 2009. The velocity frame is LSR(cz), and the velocity resolution for bothspectra is 28\,km\,s$^{-1}$.</marc:subfield>
    <marc:subfield code="s">10204</marc:subfield>
  </marc:datafield>
  <marc:datafield tag="856" ind1="4" ind2=" ">
    <marc:subfield code="u">http://inspirehep.net/record/850638/files/Arp55_new.png</marc:subfield>
    <marc:subfield code="y">00007 CO J=3--2, 6--5 spectra for the galaxies in Table 1. The velocity scale is LSR(cz) and typical velocity resolutions $\rm \Delta V_{ch}$$\sim  $20--35\,km\,s$^{-1}$. For  VII\,Zw\,31  the J=2--1 transition  is  also  included  for more  clarity,  while  forIRAS\,08572+3915 the latter transition is the only one available.</marc:subfield>
    <marc:subfield code="s">9350</marc:subfield>
  </marc:datafield>
  <marc:datafield tag="856" ind1="4" ind2=" ">
    <marc:subfield code="u">http://inspirehep.net/record/850638/files/CO65_32_IR_FIG4new.png</marc:subfield>
    <marc:subfield code="y">00025 The CO (6--5)/(3--2) ratio versus non-AGN IR-luminosity (=SF+cold cirrus contributions, listed as $\rm L_{IR}$ in Table 2) for: a)  quiescent (diamonds) and  starburst (triangles) nearby galaxies, b) our sample of LIRGs (solid boxes), and c) SMGs (stars). We have also included a few nearby low luminosity systems (Bradford et al.  2003; Bayet et al. 2006; Mao et al.  2000), SMGs at high redshifts (Tacconi et al. 2006; Papadopoulos \&amp; Ivison 2002), and a Ly-break galaxy (Baker et al. 2004). The star-forming cloud Orion\,A and the Galactic Center (GC, SF-quiescent) are also marked.  The shaded areas mark the expected range of $\rm R_{65/32}$ for typical conditions of the star-forming gas in ULIRGs (cross-hatched) and the less extreme star-forming environments of LIRGs (hatched). The dotted line marks the lowest possible $\rm R_{65/32}$ value for the dense and cold GMC cores ($\rm n(H_2)$$&gt;$10$^4$\,cm$^{-3}$, and T$\rm _k$=10\,K) (see 5.2), lower values are  possible only for gas with $\rmn(H_2)$$&lt;$10$^4$\,cm$^{-3}$.</marc:subfield>
    <marc:subfield code="s">10932</marc:subfield>
  </marc:datafield>
  <marc:datafield tag="856" ind1="4" ind2=" ">
    <marc:subfield code="u">http://inspirehep.net/record/850638/files/IR04232_new.png</marc:subfield>
    <marc:subfield code="y">00003 CO J=3--2, 6--5 spectra for the galaxies in Table 1. The velocity scale is LSR(cz) and typical velocity resolutions $\rm \Delta V_{ch}$$\sim  $20--35\,km\,s$^{-1}$. For  VII\,Zw\,31  the J=2--1 transition  is  also  included  for more  clarity,  while  forIRAS\,08572+3915 the latter transition is the only one available.</marc:subfield>
    <marc:subfield code="s">10022</marc:subfield>
  </marc:datafield>
  <marc:datafield tag="856" ind1="4" ind2=" ">
    <marc:subfield code="u">http://inspirehep.net/record/850638/files/IR05189_new_No2.png</marc:subfield>
    <marc:subfield code="y">00005 CO J=3--2, 6--5 spectra for the galaxies in Table 1. The velocity scale is LSR(cz) and typical velocity resolutions $\rm \Delta V_{ch}$$\sim  $20--35\,km\,s$^{-1}$. For  VII\,Zw\,31  the J=2--1 transition  is  also  included  for more  clarity,  while  forIRAS\,08572+3915 the latter transition is the only one available.</marc:subfield>
    <marc:subfield code="s">10241</marc:subfield>
  </marc:datafield>
  <marc:datafield tag="856" ind1="4" ind2=" ">
    <marc:subfield code="u">http://inspirehep.net/record/850638/files/IR08572_new.png</marc:subfield>
    <marc:subfield code="y">00006 CO J=3--2, 6--5 spectra for the galaxies in Table 1. The velocity scale is LSR(cz) and typical velocity resolutions $\rm \Delta V_{ch}$$\sim  $20--35\,km\,s$^{-1}$. For  VII\,Zw\,31  the J=2--1 transition  is  also  included  for more  clarity,  while  forIRAS\,08572+3915 the latter transition is the only one available.</marc:subfield>
    <marc:subfield code="s">9774</marc:subfield>
  </marc:datafield>
  <marc:datafield tag="856" ind1="4" ind2=" ">
    <marc:subfield code="u">http://inspirehep.net/record/850638/files/IR12112NE_new.png</marc:subfield>
    <marc:subfield code="y">00013 (cont.) CO J=3--2, 6--5 spectra for the galaxies in Table 1, with  typical  velocity  resolutions  $\rm  \Delta  V_{ch}$$\sim $20--30\,km\,s$^{-1}$, and in special cases up to 50--60\,km\,s$^{-1}$ (CO 6--5 in Mrk\,273, CO 2--1 in IRAS\,23365+3604). The CO J=6--5 line in IRAS\,23365+3604 is shown overlaid separately with the J=2--1 and J=3--2 transitions for clarity, if detected this line seems to bepresent over a narrower FWZI than in the two lower-J transitions.</marc:subfield>
    <marc:subfield code="s">9634</marc:subfield>
  </marc:datafield>
  <marc:datafield tag="856" ind1="4" ind2=" ">
    <marc:subfield code="u">http://inspirehep.net/record/850638/files/IR12112SW_new.png</marc:subfield>
    <marc:subfield code="y">00014 (cont.) CO J=3--2, 6--5 spectra for the galaxies in Table 1, with  typical  velocity  resolutions  $\rm  \Delta  V_{ch}$$\sim $20--30\,km\,s$^{-1}$, and in special cases up to 50--60\,km\,s$^{-1}$ (CO 6--5 in Mrk\,273, CO 2--1 in IRAS\,23365+3604). The CO J=6--5 line in IRAS\,23365+3604 is shown overlaid separately with the J=2--1 and J=3--2 transitions for clarity, if detected this line seems to bepresent over a narrower FWZI than in the two lower-J transitions.</marc:subfield>
    <marc:subfield code="s">9982</marc:subfield>
  </marc:datafield>
  <marc:datafield tag="856" ind1="4" ind2=" ">
    <marc:subfield code="u">http://inspirehep.net/record/850638/files/IR17208_new.png</marc:subfield>
    <marc:subfield code="y">00021 (cont.) CO J=3--2, 6--5 spectra for the galaxies in Table 1, with  typical  velocity  resolutions  $\rm  \Delta  V_{ch}$$\sim $20--30\,km\,s$^{-1}$, and in special cases up to 50--60\,km\,s$^{-1}$ (CO 6--5 in Mrk\,273, CO 2--1 in IRAS\,23365+3604). The CO J=6--5 line in IRAS\,23365+3604 is shown overlaid separately with the J=2--1 and J=3--2 transitions for clarity, if detected this line seems to bepresent over a narrower FWZI than in the two lower-J transitions.</marc:subfield>
    <marc:subfield code="s">9633</marc:subfield>
  </marc:datafield>
  <marc:datafield tag="856" ind1="4" ind2=" ">
    <marc:subfield code="u">http://inspirehep.net/record/850638/files/IR23365new_CO65_5xCO21.png</marc:subfield>
    <marc:subfield code="y">00023 (cont.) CO J=3--2, 6--5 spectra for the galaxies in Table 1, with  typical  velocity  resolutions  $\rm  \Delta  V_{ch}$$\sim $20--30\,km\,s$^{-1}$, and in special cases up to 50--60\,km\,s$^{-1}$ (CO 6--5 in Mrk\,273, CO 2--1 in IRAS\,23365+3604). The CO J=6--5 line in IRAS\,23365+3604 is shown overlaid separately with the J=2--1 and J=3--2 transitions for clarity, if detected this line seems to bepresent over a narrower FWZI than in the two lower-J transitions.</marc:subfield>
    <marc:subfield code="s">9869</marc:subfield>
  </marc:datafield>
  <marc:datafield tag="856" ind1="4" ind2=" ">
    <marc:subfield code="u">http://inspirehep.net/record/850638/files/IR23365new_final.png</marc:subfield>
    <marc:subfield code="y">00022 (cont.) CO J=3--2, 6--5 spectra for the galaxies in Table 1, with  typical  velocity  resolutions  $\rm  \Delta  V_{ch}$$\sim $20--30\,km\,s$^{-1}$, and in special cases up to 50--60\,km\,s$^{-1}$ (CO 6--5 in Mrk\,273, CO 2--1 in IRAS\,23365+3604). The CO J=6--5 line in IRAS\,23365+3604 is shown overlaid separately with the J=2--1 and J=3--2 transitions for clarity, if detected this line seems to bepresent over a narrower FWZI than in the two lower-J transitions.</marc:subfield>
    <marc:subfield code="s">9423</marc:subfield>
  </marc:datafield>
  <marc:datafield tag="856" ind1="4" ind2=" ">
    <marc:subfield code="u">http://inspirehep.net/record/850638/files/Mrk231.png</marc:subfield>
    <marc:subfield code="y">00012 CO J=3--2, 6--5 spectra for the galaxies in Table 1. The velocity scale is LSR(cz) and typical velocity resolutions $\rm \Delta V_{ch}$$\sim  $20--35\,km\,s$^{-1}$. For  VII\,Zw\,31  the J=2--1 transition  is  also  included  for more  clarity,  while  forIRAS\,08572+3915 the latter transition is the only one available.</marc:subfield>
    <marc:subfield code="s">10424</marc:subfield>
  </marc:datafield>
  <marc:datafield tag="856" ind1="4" ind2=" ">
    <marc:subfield code="u">http://inspirehep.net/record/850638/files/Mrk273_new.png</marc:subfield>
    <marc:subfield code="y">00016 (cont.) CO J=3--2, 6--5 spectra for the galaxies in Table 1, with  typical  velocity  resolutions  $\rm  \Delta  V_{ch}$$\sim $20--30\,km\,s$^{-1}$, and in special cases up to 50--60\,km\,s$^{-1}$ (CO 6--5 in Mrk\,273, CO 2--1 in IRAS\,23365+3604). The CO J=6--5 line in IRAS\,23365+3604 is shown overlaid separately with the J=2--1 and J=3--2 transitions for clarity, if detected this line seems to bepresent over a narrower FWZI than in the two lower-J transitions.</marc:subfield>
    <marc:subfield code="s">9015</marc:subfield>
  </marc:datafield>
  <marc:datafield tag="856" ind1="4" ind2=" ">
    <marc:subfield code="u">http://inspirehep.net/record/850638/files/NGC6240SLED.png</marc:subfield>
    <marc:subfield code="y">00032 The CO SLEDs deduced for the HCN-bright (and in principle dense and star-forming) molecular gas phase in Arp\,193 and NGC\,6240, two LIRGs with similar total $\rm M(H_2)$, $\rm L^{(SF)} _{IR}$, star-formation efficiency SFR/M(H$_2$), and HCN/CO J=1--0 luminosity ratios (section 5.1).  Surprisingly the physical conditions of the molecular gas in Arp\,193 are compatible with a total lack of a massive dense (i.e. $\rm n(H_2)$$&gt;$10$^4$\,cm$^{-3}$) gas phase, quite unlike NGC\,6240 where it dominates its total molecular gas mass and presumably fuels its vigorous star-formation. A wider range of CO luminosities for the HCN-bright phase is expected for Arp\,193 (denoted with the bars, except in the observed CO transitions) thanNGC\,6240.</marc:subfield>
    <marc:subfield code="s">8871</marc:subfield>
  </marc:datafield>
  <marc:datafield tag="856" ind1="4" ind2=" ">
    <marc:subfield code="u">http://inspirehep.net/record/850638/files/NGC6240_new.png</marc:subfield>
    <marc:subfield code="y">00020 (cont.) CO J=3--2, 6--5 spectra for the galaxies in Table 1, with  typical  velocity  resolutions  $\rm  \Delta  V_{ch}$$\sim $20--30\,km\,s$^{-1}$, and in special cases up to 50--60\,km\,s$^{-1}$ (CO 6--5 in Mrk\,273, CO 2--1 in IRAS\,23365+3604). The CO J=6--5 line in IRAS\,23365+3604 is shown overlaid separately with the J=2--1 and J=3--2 transitions for clarity, if detected this line seems to bepresent over a narrower FWZI than in the two lower-J transitions.</marc:subfield>
    <marc:subfield code="s">10620</marc:subfield>
  </marc:datafield>
  <marc:datafield tag="856" ind1="4" ind2=" ">
    <marc:subfield code="u">http://inspirehep.net/record/850638/files/PG1119.png</marc:subfield>
    <marc:subfield code="y">00011 CO J=3--2, 6--5 spectra for the galaxies in Table 1. The velocity scale is LSR(cz) and typical velocity resolutions $\rm \Delta V_{ch}$$\sim  $20--35\,km\,s$^{-1}$. For  VII\,Zw\,31  the J=2--1 transition  is  also  included  for more  clarity,  while  forIRAS\,08572+3915 the latter transition is the only one available.</marc:subfield>
    <marc:subfield code="s">9237</marc:subfield>
  </marc:datafield>
  <marc:datafield tag="856" ind1="4" ind2=" ">
    <marc:subfield code="u">http://inspirehep.net/record/850638/files/VIIZw31.png</marc:subfield>
    <marc:subfield code="y">00004 CO J=3--2, 6--5 spectra for the galaxies in Table 1. The velocity scale is LSR(cz) and typical velocity resolutions $\rm \Delta V_{ch}$$\sim  $20--35\,km\,s$^{-1}$. For  VII\,Zw\,31  the J=2--1 transition  is  also  included  for more  clarity,  while  forIRAS\,08572+3915 the latter transition is the only one available.</marc:subfield>
    <marc:subfield code="s">10737</marc:subfield>
  </marc:datafield>
  <marc:datafield tag="856" ind1="4" ind2=" ">
    <marc:subfield code="u">http://inspirehep.net/record/850638/files/W_obs_point.png</marc:subfield>
    <marc:subfield code="y">00000 The distributions of pointing offsets obtained during all observing periods  and over  many sky sectors.  Offsets with $\sigma$$\la $2$''$ are those typical for real source observations (larger values are typically obtained after large changes in azimuth and elevation when the telescope changed sky sectors between regular observing sessions). During actual source observations typically $\rm \sigma _{az}$$\sim $$\sigma _{el}$$\sim $1.6$''$, and $\rm\sigma _r=(\sigma ^2 _{az}+\sigma ^2 _{el})^{1/2}$$\sim $2.2$''$.</marc:subfield>
    <marc:subfield code="s">13765</marc:subfield>
  </marc:datafield>
  <marc:datafield tag="856" ind1="4" ind2=" ">
    <marc:subfield code="u">http://inspirehep.net/record/850638/files/Zw049.png</marc:subfield>
    <marc:subfield code="y">00018 (cont.) CO J=3--2, 6--5 spectra for the galaxies in Table 1, with  typical  velocity  resolutions  $\rm  \Delta  V_{ch}$$\sim $20--30\,km\,s$^{-1}$, and in special cases up to 50--60\,km\,s$^{-1}$ (CO 6--5 in Mrk\,273, CO 2--1 in IRAS\,23365+3604). The CO J=6--5 line in IRAS\,23365+3604 is shown overlaid separately with the J=2--1 and J=3--2 transitions for clarity, if detected this line seems to bepresent over a narrower FWZI than in the two lower-J transitions.</marc:subfield>
    <marc:subfield code="s">8565</marc:subfield>
  </marc:datafield>
  <marc:datafield tag="856" ind1="4" ind2=" ">
    <marc:subfield code="u">http://inspirehep.net/record/850638/files/fig11new.png</marc:subfield>
    <marc:subfield code="y">00033 The   CO(6--5)/(3--2)   ($\rm   R_{65/32}$)   versus HCN(1--0)/CO(1--0) ($\rm R_{HCN/CO}$) brightness temperature ratios for our sample (filled circles) and nearby LIRGs (open circles) for which  these ratios  are  available.  The  galaxies with  $\rm R_{HCN/CO}\ga 0.1$ but $\rm R_{65/32}\la 0.30$ (marked by the dotted window) are candidates for having the high frequency part of their COSLEDs suppressed by dust (see section 5.2).</marc:subfield>
    <marc:subfield code="s">7240</marc:subfield>
  </marc:datafield>
  <marc:datafield tag="856" ind1="4" ind2=" ">
    <marc:subfield code="u">http://inspirehep.net/record/850638/files/fig5new.png</marc:subfield>
    <marc:subfield code="y">00026 The cold versus warm dust mass for our sample estimated from typical multi-component dust SED fits (Eq. 7). In all LIRGs most of the dust mass is in the cold phase $\rm T_{d,c}$$\sim$(20--25)\,K, irrespective of IR luminosity, even in extreme starbursts such asArp\,220 and the starburst/QSO system Mrk\,231.</marc:subfield>
    <marc:subfield code="s">3909</marc:subfield>
  </marc:datafield>
  <marc:datafield tag="856" ind1="4" ind2=" ">
    <marc:subfield code="u">http://inspirehep.net/record/850638/files/fig6new.png</marc:subfield>
    <marc:subfield code="y">00027 The distribution of dust optical depths $\tau _{100\mu m}$ deduced by assuming SEDs with non-negligible far-IR/submm dust optical depths (Equation 9) versus IR luminosities (with the AGN component subtracted when possible: Table 2 second column).  The cold dust emission and its asscociated masses shown in Fig.~5 are now equallywell reproduced by high far-IR dust optical depths.</marc:subfield>
    <marc:subfield code="s">3749</marc:subfield>
  </marc:datafield>
  <marc:datafield tag="856" ind1="4" ind2=" ">
    <marc:subfield code="u">http://inspirehep.net/record/850638/files/fig7.png</marc:subfield>
    <marc:subfield code="y">00028 Top panels: Dust emission of the Arp\,220 and Mrk\,231 SEDs using a classic 2-component fit (warm dust from SF-sites, and cold cirrus) of its non-AGN emission (section 4, Equation 7). Bottom panels: Fits using the assumption of significant dust optical depths (Equation  9).  In the  first  case  large  ratios of  $\rm M_{d,c}/M_{d,SF}$=30(Arp\,220),5(Mrk\,231) are deduced, while for the optically    thick    fits:    $\tau   _{\rm    100\mu m}$=10(Arp\,220),4(Mrk\,231). An  AGN hot dust emission  fit isincluded in all cases (small curve peaking at short wavelengths).</marc:subfield>
    <marc:subfield code="s">15253</marc:subfield>
  </marc:datafield>
  <marc:datafield tag="856" ind1="4" ind2=" ">
    <marc:subfield code="u">http://inspirehep.net/record/850638/files/fig8.png</marc:subfield>
    <marc:subfield code="y">00029 The dust SED for a configuration akin to that found in Arp\,220 (section 4.2, Equation 10). The unattanuated hot dust emission from compact starburst regions with significant dust optical depths at submm wavelengths (long dashed line), when surrounded and absorbed by a more extended and cooler dust distribution with significant optical depths at IR wavelengths (its emission indicated by the solid line), remains virtually incospicuous, while its peak shifts at longer wavelengths (short-dashed line). The remaining small contribution of the now attenuated hot component then occurs at long wavelengths where it can easily mask as cold dust emission. The emergent {\it total} dust SED remains dominated by the outer colder dust component (solid line) up to the wavelength beyond which the attenuated emission from the hot dust starts making a significant contribution (marked by the continuation of the total SED curve as adotted line).</marc:subfield>
    <marc:subfield code="s">9423</marc:subfield>
  </marc:datafield>
  <marc:datafield tag="856" ind1="4" ind2=" ">
    <marc:subfield code="u">http://inspirehep.net/record/850638/files/arXiv:1003.5889.pdf</marc:subfield>
    <marc:subfield code="s">666485</marc:subfield>
  </marc:datafield>
  <marc:datafield tag="856" ind1="4" ind2=" ">
    <marc:subfield code="u">http://inspirehep.net/record/850638/files/IR00057+4021.png</marc:subfield>
    <marc:subfield code="y">00001 CO J=3--2, 6--5 spectra for the galaxies in Table 1. The velocity scale is LSR(cz) and typical velocity resolutions $\rm \Delta V_{ch}$$\sim  $20--35\,km\,s$^{-1}$. For  VII\,Zw\,31  the J=2--1 transition  is  also  included  for more  clarity,  while  forIRAS\,08572+3915 the latter transition is the only one available.</marc:subfield>
    <marc:subfield code="s">8804</marc:subfield>
  </marc:datafield>
  <marc:datafield tag="856" ind1="4" ind2=" ">
    <marc:subfield code="u">http://inspirehep.net/record/850638/files/IR02483+4302.png</marc:subfield>
    <marc:subfield code="y">00002 CO J=3--2, 6--5 spectra for the galaxies in Table 1. The velocity scale is LSR(cz) and typical velocity resolutions $\rm \Delta V_{ch}$$\sim  $20--35\,km\,s$^{-1}$. For  VII\,Zw\,31  the J=2--1 transition  is  also  included  for more  clarity,  while  forIRAS\,08572+3915 the latter transition is the only one available.</marc:subfield>
    <marc:subfield code="s">9856</marc:subfield>
  </marc:datafield>
  <marc:datafield tag="856" ind1="4" ind2=" ">
    <marc:subfield code="u">http://inspirehep.net/record/850638/files/IR09320+6134.png</marc:subfield>
    <marc:subfield code="y">00008 CO J=3--2, 6--5 spectra for the galaxies in Table 1. The velocity scale is LSR(cz) and typical velocity resolutions $\rm \Delta V_{ch}$$\sim  $20--35\,km\,s$^{-1}$. For  VII\,Zw\,31  the J=2--1 transition  is  also  included  for more  clarity,  while  forIRAS\,08572+3915 the latter transition is the only one available.</marc:subfield>
    <marc:subfield code="s">9246</marc:subfield>
  </marc:datafield>
  <marc:datafield tag="856" ind1="4" ind2=" ">
    <marc:subfield code="u">http://inspirehep.net/record/850638/files/IR10173+0828.png</marc:subfield>
    <marc:subfield code="y">00009 CO J=3--2, 6--5 spectra for the galaxies in Table 1. The velocity scale is LSR(cz) and typical velocity resolutions $\rm \Delta V_{ch}$$\sim  $20--35\,km\,s$^{-1}$. For  VII\,Zw\,31  the J=2--1 transition  is  also  included  for more  clarity,  while  forIRAS\,08572+3915 the latter transition is the only one available.</marc:subfield>
    <marc:subfield code="s">10111</marc:subfield>
  </marc:datafield>
  <marc:datafield tag="856" ind1="4" ind2=" ">
    <marc:subfield code="u">http://inspirehep.net/record/850638/files/IR10565+2448.png</marc:subfield>
    <marc:subfield code="y">00010 CO J=3--2, 6--5 spectra for the galaxies in Table 1. The velocity scale is LSR(cz) and typical velocity resolutions $\rm \Delta V_{ch}$$\sim  $20--35\,km\,s$^{-1}$. For  VII\,Zw\,31  the J=2--1 transition  is  also  included  for more  clarity,  while  forIRAS\,08572+3915 the latter transition is the only one available.</marc:subfield>
    <marc:subfield code="s">9982</marc:subfield>
  </marc:datafield>
  <marc:datafield tag="909" ind1="C" ind2="O">
    <marc:subfield code="o">oai:inspirehep.net:850638</marc:subfield>
    <marc:subfield code="p">INSPIRE:HEP</marc:subfield>
    <marc:subfield code="q">CDS</marc:subfield>
  </marc:datafield>
  <marc:datafield tag="961" ind1=" " ind2=" ">
    <marc:subfield code="x">2010-03-30</marc:subfield>
  </marc:datafield>
  <marc:datafield tag="961" ind1=" " ind2=" ">
    <marc:subfield code="c">2012-06-23</marc:subfield>
  </marc:datafield>
  <marc:datafield tag="970" ind1=" " ind2=" ">
    <marc:subfield code="a">SPIRES-8605580</marc:subfield>
  </marc:datafield>
  <marc:datafield tag="980" ind1=" " ind2=" ">
    <marc:subfield code="a">Published</marc:subfield>
  </marc:datafield>
  <marc:datafield tag="980" ind1=" " ind2=" ">
    <marc:subfield code="a">arXiv</marc:subfield>
  </marc:datafield>
  <marc:datafield tag="980" ind1=" " ind2=" ">
    <marc:subfield code="a">Citeable</marc:subfield>
  </marc:datafield>
  <marc:datafield tag="980" ind1=" " ind2=" ">
    <marc:subfield code="a">HEP</marc:subfield>
  </marc:datafield>
  <marc:datafield tag="999" ind1="C" ind2="5">
    <marc:subfield code="s">Astron.Astrophys.,300,369</marc:subfield>
  </marc:datafield>
  <marc:datafield tag="999" ind1="C" ind2="5">
    <marc:subfield code="r">astro-ph/0312099</marc:subfield>
    <marc:subfield code="s">Astrophys.J.,604,125</marc:subfield>
  </marc:datafield>
  <marc:datafield tag="999" ind1="C" ind2="5">
    <marc:subfield code="s">Astron.Astrophys.,460,467</marc:subfield>
  </marc:datafield>
  <marc:datafield tag="999" ind1="C" ind2="5">
    <marc:subfield code="s">Astron.J.,117,2632</marc:subfield>
  </marc:datafield>
  <marc:datafield tag="999" ind1="C" ind2="5">
    <marc:subfield code="r">astro-ph/0610477</marc:subfield>
    <marc:subfield code="s">Astrophys.J.,656,792</marc:subfield>
  </marc:datafield>
  <marc:datafield tag="999" ind1="C" ind2="5">
    <marc:subfield code="s">Astrophys.J.,378,65</marc:subfield>
  </marc:datafield>
  <marc:datafield tag="999" ind1="C" ind2="5">
    <marc:subfield code="r">arXiv:0711.4995</marc:subfield>
    <marc:subfield code="s">Astrophys.J.,673,L21</marc:subfield>
  </marc:datafield>
  <marc:datafield tag="999" ind1="C" ind2="5">
    <marc:subfield code="r">arXiv:0905.3637</marc:subfield>
    <marc:subfield code="s">Astrophys.J.,698,L178</marc:subfield>
  </marc:datafield>
  <marc:datafield tag="999" ind1="C" ind2="5">
    <marc:subfield code="r">astro-ph/0411732</marc:subfield>
    <marc:subfield code="s">Astron.Astrophys.,430,L1</marc:subfield>
  </marc:datafield>
  <marc:datafield tag="999" ind1="C" ind2="5">
    <marc:subfield code="s">Astrophys.J.,359,42</marc:subfield>
  </marc:datafield>
  <marc:datafield tag="999" ind1="C" ind2="5">
    <marc:subfield code="s">Astrophys.J.,507,615</marc:subfield>
  </marc:datafield>
  <marc:datafield tag="999" ind1="C" ind2="5">
    <marc:subfield code="r">astro-ph/0106362</marc:subfield>
    <marc:subfield code="s">Mon.Not.Roy.Astron.Soc.,327,697</marc:subfield>
  </marc:datafield>
  <marc:datafield tag="999" ind1="C" ind2="5">
    <marc:subfield code="r">astro-ph/0002234</marc:subfield>
    <marc:subfield code="s">Mon.Not.Roy.Astron.Soc.,315,115</marc:subfield>
  </marc:datafield>
  <marc:datafield tag="999" ind1="C" ind2="5">
    <marc:subfield code="r">arXiv:0706.2599</marc:subfield>
    <marc:subfield code="s">Astron.Astrophys.,468,L57</marc:subfield>
  </marc:datafield>
  <marc:datafield tag="999" ind1="C" ind2="5">
    <marc:subfield code="s">Astrophys.J.,681,365</marc:subfield>
  </marc:datafield>
  <marc:datafield tag="999" ind1="C" ind2="5">
    <marc:subfield code="r">astro-ph/9810159</marc:subfield>
    <marc:subfield code="s">Astrophys.J.,511,730</marc:subfield>
  </marc:datafield>
  <marc:datafield tag="999" ind1="C" ind2="5">
    <marc:subfield code="s">Astrophys.J.,529,L85</marc:subfield>
  </marc:datafield>
  <marc:datafield tag="999" ind1="C" ind2="5">
    <marc:subfield code="s">Astron.J.,121,3286</marc:subfield>
  </marc:datafield>
  <marc:datafield tag="999" ind1="C" ind2="5">
    <marc:subfield code="r">astro-ph/0208541</marc:subfield>
    <marc:subfield code="s">Astrophys.J.,580,749</marc:subfield>
  </marc:datafield>
  <marc:datafield tag="999" ind1="C" ind2="5">
    <marc:subfield code="s">Astrophys.J.Suppl.,159,197</marc:subfield>
  </marc:datafield>
  <marc:datafield tag="999" ind1="C" ind2="5">
    <marc:subfield code="r">astro-ph/0507513</marc:subfield>
    <marc:subfield code="s">Mon.Not.Roy.Astron.Soc.,362,931</marc:subfield>
  </marc:datafield>
  <marc:datafield tag="999" ind1="C" ind2="5">
    <marc:subfield code="r">astro-ph/0510853</marc:subfield>
    <marc:subfield code="s">Astrophys.J.,639,23</marc:subfield>
  </marc:datafield>
  <marc:datafield tag="999" ind1="C" ind2="5">
    <marc:subfield code="r">astro-ph/0310339</marc:subfield>
    <marc:subfield code="s">Astrophys.J.,606,271</marc:subfield>
  </marc:datafield>
  <marc:datafield tag="999" ind1="C" ind2="5">
    <marc:subfield code="s">Astrophys.J.,557,736</marc:subfield>
  </marc:datafield>
  <marc:datafield tag="999" ind1="C" ind2="5">
    <marc:subfield code="r">astro-ph/0602339</marc:subfield>
    <marc:subfield code="s">Astrophys.J.,640,L135</marc:subfield>
  </marc:datafield>
  <marc:datafield tag="999" ind1="C" ind2="5">
    <marc:subfield code="s">Astron.Astrophys.,479,703</marc:subfield>
  </marc:datafield>
  <marc:datafield tag="999" ind1="C" ind2="5">
    <marc:subfield code="r">astro-ph/0503055</marc:subfield>
    <marc:subfield code="s">Mon.Not.Roy.Astron.Soc.,359,1165</marc:subfield>
  </marc:datafield>
  <marc:datafield tag="999" ind1="C" ind2="5">
    <marc:subfield code="r">astro-ph/0610378</marc:subfield>
    <marc:subfield code="s">Astrophys.J.,692,1432</marc:subfield>
  </marc:datafield>
  <marc:datafield tag="999" ind1="C" ind2="5">
    <marc:subfield code="s">Astrophys.J.,402,537</marc:subfield>
  </marc:datafield>
  <marc:datafield tag="999" ind1="C" ind2="5">
    <marc:subfield code="s">New Astron.Rev.,45,617</marc:subfield>
  </marc:datafield>
  <marc:datafield tag="999" ind1="C" ind2="5">
    <marc:subfield code="s">Nature,394,241</marc:subfield>
  </marc:datafield>
  <marc:datafield tag="999" ind1="C" ind2="5">
    <marc:subfield code="r">astro-ph/0403429</marc:subfield>
    <marc:subfield code="s">Astrophys.J.,616,L63</marc:subfield>
  </marc:datafield>
  <marc:datafield tag="999" ind1="C" ind2="5">
    <marc:subfield code="r">arXiv:0902.0121</marc:subfield>
    <marc:subfield code="s">Astrophys.J.,695,1537</marc:subfield>
  </marc:datafield>
  <marc:datafield tag="999" ind1="C" ind2="5">
    <marc:subfield code="r">astro-ph/0408015</marc:subfield>
    <marc:subfield code="s">Astrophys.J.,612,L97</marc:subfield>
  </marc:datafield>
  <marc:datafield tag="999" ind1="C" ind2="5">
    <marc:subfield code="s">Astrophys.J.,677,262</marc:subfield>
  </marc:datafield>
  <marc:datafield tag="999" ind1="C" ind2="5">
    <marc:subfield code="r">arXiv:0909.4303</marc:subfield>
    <marc:subfield code="s">Astrophys.J.,703,222</marc:subfield>
  </marc:datafield>
  <marc:datafield tag="999" ind1="C" ind2="5">
    <marc:subfield code="s">Mon.Not.Roy.Astron.Soc.,312,433</marc:subfield>
  </marc:datafield>
  <marc:datafield tag="999" ind1="C" ind2="5">
    <marc:subfield code="r">astro-ph/0212271</marc:subfield>
    <marc:subfield code="s">Astrophys.J.,586,891</marc:subfield>
  </marc:datafield>
  <marc:datafield tag="999" ind1="C" ind2="5">
    <marc:subfield code="s">Astrophys.J.,504,L11</marc:subfield>
  </marc:datafield>
  <marc:datafield tag="999" ind1="C" ind2="5">
    <marc:subfield code="r">astro-ph/0305520</marc:subfield>
    <marc:subfield code="s">Astrophys.J.,594,758</marc:subfield>
  </marc:datafield>
  <marc:datafield tag="999" ind1="C" ind2="5">
    <marc:subfield code="s">Astrophys.J.,491,L27</marc:subfield>
  </marc:datafield>
  <marc:datafield tag="999" ind1="C" ind2="5">
    <marc:subfield code="s">Astron.Astrophys.,358,433</marc:subfield>
  </marc:datafield>
  <marc:datafield tag="999" ind1="C" ind2="5">
    <marc:subfield code="r">astro-ph/0405530</marc:subfield>
    <marc:subfield code="s">Astrophys.J.,612,940</marc:subfield>
  </marc:datafield>
  <marc:datafield tag="999" ind1="C" ind2="5">
    <marc:subfield code="r">arXiv:0811.0930</marc:subfield>
    <marc:subfield code="s">Astrophys.J.,693,56</marc:subfield>
  </marc:datafield>
  <marc:datafield tag="999" ind1="C" ind2="5">
    <marc:subfield code="s">Astron.Astrophys.,436,397</marc:subfield>
  </marc:datafield>
  <marc:datafield tag="999" ind1="C" ind2="5">
    <marc:subfield code="r">astro-ph/0609184</marc:subfield>
    <marc:subfield code="s">Astrophys.J.,650,L103</marc:subfield>
  </marc:datafield>
  <marc:datafield tag="999" ind1="C" ind2="5">
    <marc:subfield code="s">Astrophys.J.,340,L53</marc:subfield>
  </marc:datafield>
  <marc:datafield tag="999" ind1="C" ind2="5">
    <marc:subfield code="r">astro-ph/0307241</marc:subfield>
    <marc:subfield code="s">Astrophys.J.,593,L69</marc:subfield>
  </marc:datafield>
  <marc:datafield tag="999" ind1="C" ind2="5">
    <marc:subfield code="s">Astrophys.J.,668,699</marc:subfield>
  </marc:datafield>
  <marc:datafield tag="999" ind1="C" ind2="5">
    <marc:subfield code="r">astro-ph/9901394</marc:subfield>
    <marc:subfield code="s">Astrophys.J.,516,114</marc:subfield>
  </marc:datafield>
  <marc:datafield tag="999" ind1="C" ind2="5">
    <marc:subfield code="s">Astrophys.J.,564,L9</marc:subfield>
  </marc:datafield>
  <marc:datafield tag="999" ind1="C" ind2="5">
    <marc:subfield code="s">Astron.Astrophys.,491,483</marc:subfield>
  </marc:datafield>
  <marc:datafield tag="999" ind1="C" ind2="5">
    <marc:subfield code="s">Astron.Astrophys.,483,487</marc:subfield>
  </marc:datafield>
  <marc:datafield tag="999" ind1="C" ind2="5">
    <marc:subfield code="s">Astrophys.J.,668,815</marc:subfield>
  </marc:datafield>
  <marc:datafield tag="999" ind1="C" ind2="5">
    <marc:subfield code="s">Astrophys.J.,771,757</marc:subfield>
  </marc:datafield>
  <marc:datafield tag="999" ind1="C" ind2="5">
    <marc:subfield code="s">Astrophys.J.,545,L121</marc:subfield>
  </marc:datafield>
  <marc:datafield tag="999" ind1="C" ind2="5">
    <marc:subfield code="s">Astrophys.J.,370,172</marc:subfield>
  </marc:datafield>
  <marc:datafield tag="999" ind1="C" ind2="5">
    <marc:subfield code="s">Astron.Astrophys.,365,174</marc:subfield>
  </marc:datafield>
  <marc:datafield tag="999" ind1="C" ind2="5">
    <marc:subfield code="s">Astrophys.J.,514,68</marc:subfield>
  </marc:datafield>
  <marc:datafield tag="999" ind1="C" ind2="5">
    <marc:subfield code="s">Astrophys.J.,684,957</marc:subfield>
  </marc:datafield>
  <marc:datafield tag="999" ind1="C" ind2="5">
    <marc:subfield code="s">Astrophys.J.,324,L55</marc:subfield>
  </marc:datafield>
  <marc:datafield tag="999" ind1="C" ind2="5">
    <marc:subfield code="s">Astrophys.J.,1989,340</marc:subfield>
  </marc:datafield>
  <marc:datafield tag="999" ind1="C" ind2="5">
    <marc:subfield code="s">Astrophys.J.,370,15</marc:subfield>
  </marc:datafield>
  <marc:datafield tag="999" ind1="C" ind2="5">
    <marc:subfield code="s">Ann.Rev.Astron.Astrophys.,34,749</marc:subfield>
  </marc:datafield>
  <marc:datafield tag="999" ind1="C" ind2="5">
    <marc:subfield code="s">Astrophys.J.,370,158</marc:subfield>
  </marc:datafield>
  <marc:datafield tag="999" ind1="C" ind2="5">
    <marc:subfield code="r">astro-ph/0306263</marc:subfield>
    <marc:subfield code="s">Astron.J.,126,1607</marc:subfield>
  </marc:datafield>
  <marc:datafield tag="999" ind1="C" ind2="5">
    <marc:subfield code="s">Astrophys.J.,484,702</marc:subfield>
  </marc:datafield>
  <marc:datafield tag="999" ind1="C" ind2="5">
    <marc:subfield code="r">arXiv:1001.2118</marc:subfield>
  </marc:datafield>
  <marc:datafield tag="999" ind1="C" ind2="5">
    <marc:subfield code="s">Astrophys.J.,428,638</marc:subfield>
  </marc:datafield>
  <marc:datafield tag="999" ind1="C" ind2="5">
    <marc:subfield code="s">Astrophys.J.,348,L53</marc:subfield>
  </marc:datafield>
  <marc:datafield tag="999" ind1="C" ind2="5">
    <marc:subfield code="s">Astrophys.J.,387,L55</marc:subfield>
  </marc:datafield>
  <marc:datafield tag="999" ind1="C" ind2="5">
    <marc:subfield code="r">astro-ph/9610166</marc:subfield>
    <marc:subfield code="s">Astrophys.J.,478,144</marc:subfield>
  </marc:datafield>
  <marc:datafield tag="999" ind1="C" ind2="5">
    <marc:subfield code="r">astro-ph/0508481</marc:subfield>
    <marc:subfield code="s">Ann.Rev.Astron.Astrophys.,43,677</marc:subfield>
  </marc:datafield>
  <marc:datafield tag="999" ind1="C" ind2="5">
    <marc:subfield code="s">Astrophys.J.,283,L1</marc:subfield>
  </marc:datafield>
  <marc:datafield tag="999" ind1="C" ind2="5">
    <marc:subfield code="s">Astrophys.J.,320,238</marc:subfield>
  </marc:datafield>
  <marc:datafield tag="999" ind1="C" ind2="5">
    <marc:subfield code="s">Astron.J.,98,766</marc:subfield>
  </marc:datafield>
  <marc:datafield tag="999" ind1="C" ind2="5">
    <marc:subfield code="r">astro-ph/9708135</marc:subfield>
    <marc:subfield code="s">Astrophys.J.,490,L5</marc:subfield>
  </marc:datafield>
  <marc:datafield tag="999" ind1="C" ind2="5">
    <marc:subfield code="r">astro-ph/0511319</marc:subfield>
    <marc:subfield code="s">Astrophys.J.,640,228</marc:subfield>
  </marc:datafield>
  <marc:datafield tag="999" ind1="C" ind2="5">
    <marc:subfield code="s">Astrophys.J.,362,473</marc:subfield>
  </marc:datafield>
  <marc:datafield tag="999" ind1="C" ind2="5">
    <marc:subfield code="s">Astrophys.J.Suppl.,313,313</marc:subfield>
  </marc:datafield>
  <marc:datafield tag="999" ind1="C" ind2="5">
    <marc:subfield code="r">astro-ph/0410229</marc:subfield>
    <marc:subfield code="s">Astrophys.J.,615,L17</marc:subfield>
  </marc:datafield>
  <marc:datafield tag="999" ind1="C" ind2="5">
    <marc:subfield code="s">Astrophys.J.,368,112</marc:subfield>
  </marc:datafield>
  <marc:datafield tag="999" ind1="C" ind2="5">
    <marc:subfield code="s">Astron.Astrophys.,467,955</marc:subfield>
  </marc:datafield>
  <marc:datafield tag="999" ind1="C" ind2="5">
    <marc:subfield code="s">Astrophys.J.Suppl.,178,189</marc:subfield>
  </marc:datafield>
  <marc:datafield tag="999" ind1="C" ind2="5">
    <marc:subfield code="r">astro-ph/0609593</marc:subfield>
    <marc:subfield code="s">Publ.Astron.Soc.Pac.,118,1711</marc:subfield>
  </marc:datafield>
  <marc:datafield tag="999" ind1="C" ind2="5">
    <marc:subfield code="r">astro-ph/0511424</marc:subfield>
    <marc:subfield code="s">Astrophys.J.,635,L173</marc:subfield>
  </marc:datafield>
  <marc:datafield tag="999" ind1="C" ind2="5">
    <marc:subfield code="r">astro-ph/0301511</marc:subfield>
    <marc:subfield code="s">Astrophys.J.,588,771</marc:subfield>
  </marc:datafield>
</marc:record>
</metadata></record>