<record><header><identifier>oai:inspirehep.net:1337954</identifier><datestamp>2017-01-01T09:29:15Z</datestamp><setSpec>INSPIRE:HEP</setSpec></header><metadata><marc:record xmlns:marc="http://www.loc.gov/MARC21/slim" xmlns:xsi="http://www.w3.org/2001/XMLSchema-instance" xsi:schemaLocation="http://www.loc.gov/MARC21/slim http://www.loc.gov/standards/marcxml/schema/MARC21slim.xsd" type="Bibliographic">
     <marc:leader>00000coc  2200000uu 4500</marc:leader>
  <marc:controlfield tag="001">1337954</marc:controlfield>
  <marc:controlfield tag="005">20170101102914.0</marc:controlfield>
  <marc:datafield tag="035" ind1=" " ind2=" ">
    <marc:subfield code="9">INSPIRETeX</marc:subfield>
    <marc:subfield code="a">Muller:2013ufa</marc:subfield>
  </marc:datafield>
  <marc:datafield tag="035" ind1=" " ind2=" ">
    <marc:subfield code="9">DESY</marc:subfield>
    <marc:subfield code="z">DA15-kp04ae</marc:subfield>
  </marc:datafield>
  <marc:datafield tag="100" ind1=" " ind2=" ">
    <marc:subfield code="a">Mller, Sarah J.</marc:subfield>
    <marc:subfield code="u">Heidelberg U.</marc:subfield>
    <marc:subfield code="v">Max-Planck-Institut fr Kernphysik, Heidelberg, Germany</marc:subfield>
  </marc:datafield>
  <marc:datafield tag="245" ind1=" " ind2=" ">
    <marc:subfield code="a">Electroweak Processes in Laser-Boosted Lepton Collisions</marc:subfield>
  </marc:datafield>
  <marc:datafield tag="269" ind1=" " ind2=" ">
    <marc:subfield code="c">2013</marc:subfield>
  </marc:datafield>
  <marc:datafield tag="300" ind1=" " ind2=" ">
    <marc:subfield code="a">150</marc:subfield>
  </marc:datafield>
  <marc:datafield tag="500" ind1=" " ind2=" ">
    <marc:subfield code="a">presented 11 Dec 2013</marc:subfield>
  </marc:datafield>
  <marc:datafield tag="502" ind1=" " ind2=" ">
    <marc:subfield code="b">PhD</marc:subfield>
    <marc:subfield code="c">Heidelberg U.</marc:subfield>
    <marc:subfield code="d">2013</marc:subfield>
  </marc:datafield>
  <marc:datafield tag="520" ind1=" " ind2=" ">
    <marc:subfield code="a">In this thesis, electroweak processes in relativistic lepton-antilepton collisions taking place inside strong laser fields are studied. The energy of the pre-accelerated particles can be vastly enhanced by their interaction with the intense laser field in such a scenario. The main effort of the investigations presented in this work lies in the examination of the associated production of Higgs and Z$^0$ bosons. Since laser experiments most commonly employ lasers of either circular or linear polarization, the total cross section of the reaction as well as the energy distribution of the produced Higgs boson are discussed in detail for both of these polarizations. The findings are related to field-free collisions of comparable collision energies. Special attention is paid to the linear polarization case since it is more appealing in view of an experimental implementation. The required laser parameters for such an implementation and the experimental challenges that need to be overcome are specified. As another example for a laser-boosted reaction, the production of muon-antimuon pairs in electron-positron collisions taking place in a laser field is studied. This process can in principle be experimentally realized using present-day technology and thus might serve as a proof-of-principle experiment for the concepts underlying this work.</marc:subfield>
  </marc:datafield>
  <marc:datafield tag="650" ind1="1" ind2="7">
    <marc:subfield code="2">INSPIRE</marc:subfield>
    <marc:subfield code="a">Phenomenology-HEP</marc:subfield>
  </marc:datafield>
  <marc:datafield tag="695" ind1=" " ind2=" ">
    <marc:subfield code="2">INSPIRE</marc:subfield>
    <marc:subfield code="a">thesis</marc:subfield>
  </marc:datafield>
  <marc:datafield tag="695" ind1=" " ind2=" ">
    <marc:subfield code="2">INSPIRE</marc:subfield>
    <marc:subfield code="a">lepton antilepton: scattering</marc:subfield>
  </marc:datafield>
  <marc:datafield tag="695" ind1=" " ind2=" ">
    <marc:subfield code="2">INSPIRE</marc:subfield>
    <marc:subfield code="a">electroweak interaction</marc:subfield>
  </marc:datafield>
  <marc:datafield tag="695" ind1=" " ind2=" ">
    <marc:subfield code="2">INSPIRE</marc:subfield>
    <marc:subfield code="a">accelerator: laser</marc:subfield>
  </marc:datafield>
  <marc:datafield tag="695" ind1=" " ind2=" ">
    <marc:subfield code="2">INSPIRE</marc:subfield>
    <marc:subfield code="a">laser: strong field</marc:subfield>
  </marc:datafield>
  <marc:datafield tag="695" ind1=" " ind2=" ">
    <marc:subfield code="2">INSPIRE</marc:subfield>
    <marc:subfield code="a">strong field: effect</marc:subfield>
  </marc:datafield>
  <marc:datafield tag="695" ind1=" " ind2=" ">
    <marc:subfield code="2">INSPIRE</marc:subfield>
    <marc:subfield code="a">polarization: linear</marc:subfield>
  </marc:datafield>
  <marc:datafield tag="695" ind1=" " ind2=" ">
    <marc:subfield code="2">INSPIRE</marc:subfield>
    <marc:subfield code="a">Higgs particle: associated production</marc:subfield>
  </marc:datafield>
  <marc:datafield tag="695" ind1=" " ind2=" ">
    <marc:subfield code="2">INSPIRE</marc:subfield>
    <marc:subfield code="a">Z0: associated production</marc:subfield>
  </marc:datafield>
  <marc:datafield tag="695" ind1=" " ind2=" ">
    <marc:subfield code="2">INSPIRE</marc:subfield>
    <marc:subfield code="a">muon: pair production</marc:subfield>
  </marc:datafield>
  <marc:datafield tag="695" ind1=" " ind2=" ">
    <marc:subfield code="2">INSPIRE</marc:subfield>
    <marc:subfield code="a">total cross section</marc:subfield>
  </marc:datafield>
  <marc:datafield tag="701" ind1=" " ind2=" ">
    <marc:subfield code="a">Keitel, Christoph H.</marc:subfield>
    <marc:subfield code="u">Heidelberg, Max Planck Inst.</marc:subfield>
  </marc:datafield>
  <marc:datafield tag="701" ind1=" " ind2=" ">
    <marc:subfield code="a">Mller, Carsten</marc:subfield>
    <marc:subfield code="u">Heidelberg, Max Planck Inst.</marc:subfield>
  </marc:datafield>
  <marc:datafield tag="856" ind1="4" ind2=" ">
    <marc:subfield code="u">http://archiv.ub.uni-heidelberg.de/volltextserver/15990/1/sjmueller_diss.pdf</marc:subfield>
    <marc:subfield code="y">server</marc:subfield>
  </marc:datafield>
  <marc:datafield tag="856" ind1="4" ind2=" ">
    <marc:subfield code="s">2345325</marc:subfield>
    <marc:subfield code="u">http://inspirehep.net/record/1337954/files/sjmueller_diss.pdf</marc:subfield>
  </marc:datafield>
  <marc:datafield tag="909" ind1="C" ind2="O">
    <marc:subfield code="o">oai:inspirehep.net:1337954</marc:subfield>
    <marc:subfield code="p">INSPIRE:HEP</marc:subfield>
  </marc:datafield>
  <marc:datafield tag="980" ind1=" " ind2=" ">
    <marc:subfield code="a">HEP</marc:subfield>
  </marc:datafield>
  <marc:datafield tag="980" ind1=" " ind2=" ">
    <marc:subfield code="a">CORE</marc:subfield>
  </marc:datafield>
  <marc:datafield tag="980" ind1=" " ind2=" ">
    <marc:subfield code="a">Thesis</marc:subfield>
  </marc:datafield>
  <marc:datafield tag="999" ind1="C" ind2="5">
    <marc:subfield code="0">590451</marc:subfield>
    <marc:subfield code="h">M. M. Alsharoa, C. M. Ankenbrandt, M. Atac, et al.</marc:subfield>
    <marc:subfield code="m">Recent progress in neutrino factory and muon collider research within the Muon Collaboration</marc:subfield>
    <marc:subfield code="o">AAA+ 03</marc:subfield>
    <marc:subfield code="s">Phys.Rev.ST Accel.Beams,6,081001</marc:subfield>
    <marc:subfield code="y">2003</marc:subfield>
  </marc:datafield>
  <marc:datafield tag="999" ind1="C" ind2="5">
    <marc:subfield code="0">619171</marc:subfield>
    <marc:subfield code="c">OPAL Collaborations</marc:subfield>
    <marc:subfield code="m">ALEPH, DELPHI, L3 The LEP Working Group for Higgs Boson Searches. Search for the standard model Higgs boson at LEP</marc:subfield>
    <marc:subfield code="o">ALE03</marc:subfield>
    <marc:subfield code="s">Phys.Lett.,B565,61</marc:subfield>
    <marc:subfield code="y">2003</marc:subfield>
  </marc:datafield>
  <marc:datafield tag="999" ind1="C" ind2="5">
    <marc:subfield code="0">691576</marc:subfield>
    <marc:subfield code="c">OPAL Collaborations</marc:subfield>
    <marc:subfield code="m">ALEPH, DELPHI, L3 The LEP Electroweak Working Group, the SLD Electroweak and Heavy Flavour Groups. Precision electroweak measurements on the Z resonance</marc:subfield>
    <marc:subfield code="o">ALE06</marc:subfield>
    <marc:subfield code="s">Phys.Rept.,427,257</marc:subfield>
    <marc:subfield code="y">2006</marc:subfield>
  </marc:datafield>
  <marc:datafield tag="999" ind1="C" ind2="5">
    <marc:subfield code="0">873283</marc:subfield>
    <marc:subfield code="h">Y. Alexahin</marc:subfield>
    <marc:subfield code="m">Muon collider design status url:</marc:subfield>
    <marc:subfield code="o">Ale12</marc:subfield>
    <marc:subfield code="r">arXiv:1202.2155 [physics.acc-ph]</marc:subfield>
    <marc:subfield code="u">http://arxiv.org/pdf/1202.2155v1.pdf</marc:subfield>
    <marc:subfield code="y">2012</marc:subfield>
  </marc:datafield>
  <marc:datafield tag="999" ind1="C" ind2="5">
    <marc:subfield code="9">CURATOR</marc:subfield>
    <marc:subfield code="c">OPAL Collaborations</marc:subfield>
    <marc:subfield code="m">ALEPH, DELPHI, L3 The LEP Electroweak Working Group. Electroweak measurements in electronpositron collisions at W-boson-pair energies at LEP. Phys. Rep., in press, available online 26 August,. url: S0370157313002706</marc:subfield>
    <marc:subfield code="o">ALE13</marc:subfield>
    <marc:subfield code="s">Phys.Rept.,532,119</marc:subfield>
    <marc:subfield code="u">http://www.sciencedirect.com/science/article/pii/</marc:subfield>
    <marc:subfield code="y">2013</marc:subfield>
  </marc:datafield>
  <marc:datafield tag="999" ind1="C" ind2="5">
    <marc:subfield code="0">695844</marc:subfield>
    <marc:subfield code="h">G. Altarelli</marc:subfield>
    <marc:subfield code="m">The standard model of particle physics. arXiv: url:</marc:subfield>
    <marc:subfield code="o">Alt05</marc:subfield>
    <marc:subfield code="r">hep-ph/0510281</marc:subfield>
    <marc:subfield code="u">http://arXiv.org/abs/hep-ph/0510281v1</marc:subfield>
    <marc:subfield code="y">2005</marc:subfield>
  </marc:datafield>
  <marc:datafield tag="999" ind1="C" ind2="5">
    <marc:subfield code="0">249192</marc:subfield>
    <marc:subfield code="h">G. Altarelli, B. Mele, and F. Pitolli</marc:subfield>
    <marc:subfield code="m">Heavy Higgs production at future colliders</marc:subfield>
    <marc:subfield code="o">AMP87</marc:subfield>
    <marc:subfield code="s">Nucl.Phys.,B287,205</marc:subfield>
    <marc:subfield code="y">1987</marc:subfield>
  </marc:datafield>
  <marc:datafield tag="999" ind1="C" ind2="5">
    <marc:subfield code="h">M. Abramowitz and I. A. Stegun</marc:subfield>
    <marc:subfield code="m">Handbook of Mathematical Functions Publications, Inc., New York</marc:subfield>
    <marc:subfield code="o">AS65</marc:subfield>
    <marc:subfield code="p">Dover</marc:subfield>
    <marc:subfield code="y">1965</marc:subfield>
  </marc:datafield>
  <marc:datafield tag="999" ind1="C" ind2="5">
    <marc:subfield code="0">1120741</marc:subfield>
    <marc:subfield code="c">ATLAS Collaboration</marc:subfield>
    <marc:subfield code="m">Combined search for the standard model Higgs boson in pp collisions at  s = 7TeV with the ATLAS detector</marc:subfield>
    <marc:subfield code="o">ATL12a</marc:subfield>
    <marc:subfield code="s">Phys.Rev.,D86,032003</marc:subfield>
    <marc:subfield code="y">2012</marc:subfield>
  </marc:datafield>
  <marc:datafield tag="999" ind1="C" ind2="5">
    <marc:subfield code="9">CURATOR</marc:subfield>
    <marc:subfield code="c">ATLAS Collaboration</marc:subfield>
    <marc:subfield code="h">Rev. B</marc:subfield>
    <marc:subfield code="m">Observation of a new particle in the search for the Standard Model Higgs boson with the ATLAS detector at the LHC. Phys Vol. 716, p. 1, 2012. 127 128 BIBLIOGRAPHY [BBB+ 86] H. Baer, J. Berdugo, F. Bianchi, et al New particles. CERN Report 86-02, Vol. 1, p. 297,. url:</marc:subfield>
    <marc:subfield code="o">ATL12b</marc:subfield>
    <marc:subfield code="s">Phys.Lett.,B716,1</marc:subfield>
    <marc:subfield code="u">http://cds.cern.ch/record/166310/files/CERN-86-02-V-1.pdf</marc:subfield>
    <marc:subfield code="y">1986</marc:subfield>
  </marc:datafield>
  <marc:datafield tag="999" ind1="C" ind2="5">
    <marc:subfield code="0">232909</marc:subfield>
    <marc:subfield code="9">CURATOR</marc:subfield>
    <marc:subfield code="o">BBB+86</marc:subfield>
  </marc:datafield>
  <marc:datafield tag="999" ind1="C" ind2="5">
    <marc:subfield code="0">353152</marc:subfield>
    <marc:subfield code="h">D. L. Borden, D. A. Bauer, and D. O. Caldwell</marc:subfield>
    <marc:subfield code="m">Higgs boson production at a photon linear collider</marc:subfield>
    <marc:subfield code="o">BBC93</marc:subfield>
    <marc:subfield code="s">Phys.Rev.,D48,4018</marc:subfield>
    <marc:subfield code="y">1993</marc:subfield>
  </marc:datafield>
  <marc:datafield tag="999" ind1="C" ind2="5">
    <marc:subfield code="0">394368</marc:subfield>
    <marc:subfield code="h">V. Barger, M. S. Berger, J. F. Gunion, and T. Han</marc:subfield>
    <marc:subfield code="m">s-channel Higgs boson production at a muon-muon collider</marc:subfield>
    <marc:subfield code="o">BBGH95</marc:subfield>
    <marc:subfield code="s">Phys.Rev.Lett.,75,1462</marc:subfield>
    <marc:subfield code="y">1995</marc:subfield>
  </marc:datafield>
  <marc:datafield tag="999" ind1="C" ind2="5">
    <marc:subfield code="0">416297</marc:subfield>
    <marc:subfield code="h">V. Barger, M. S. Berger, J. F. Gunion, and T. Han</marc:subfield>
    <marc:subfield code="m">Higgs boson physics in the s-channel at + - colliders</marc:subfield>
    <marc:subfield code="o">BBGH97</marc:subfield>
    <marc:subfield code="s">Phys.Rept.,286,1</marc:subfield>
    <marc:subfield code="y">1997</marc:subfield>
  </marc:datafield>
  <marc:datafield tag="999" ind1="C" ind2="5">
    <marc:subfield code="0">745098</marc:subfield>
    <marc:subfield code="9">CURATOR</marc:subfield>
    <marc:subfield code="h">I. Blumenfeld, C. E. Clayton, F. J. Decker, et al.</marc:subfield>
    <marc:subfield code="m">[BCD+ 07] Energy doubling of 42 GeV electrons in a metre-scale plasma wakefield accelerator [BCE+ 04] C. Blchinger, M. Carena, J. Ellis, et al Physics opportunities at + - Higgs factories. In EFCA/CERN studies of a European neutrino factory complex, p. p. 337, 2004. CERN Report 2004-002, url: pdf?version=1</marc:subfield>
    <marc:subfield code="o">BCD+07</marc:subfield>
    <marc:subfield code="s">Nature,445,741</marc:subfield>
    <marc:subfield code="u">https://cds.cern.ch/record/735196/files/ECFA-04-230</marc:subfield>
    <marc:subfield code="y">2007</marc:subfield>
  </marc:datafield>
  <marc:datafield tag="999" ind1="C" ind2="5">
    <marc:subfield code="9">CURATOR</marc:subfield>
    <marc:subfield code="o">BCE+04</marc:subfield>
    <marc:subfield code="r">hep-ph/0202199</marc:subfield>
  </marc:datafield>
  <marc:datafield tag="999" ind1="C" ind2="5">
    <marc:subfield code="0">3680</marc:subfield>
    <marc:subfield code="h">J. Bardeen, L. N. Cooper, and J. R. Schrieffer</marc:subfield>
    <marc:subfield code="m">Microscopic theory of superconductivity</marc:subfield>
    <marc:subfield code="o">BCS57</marc:subfield>
    <marc:subfield code="s">Phys.Rev.,106,162</marc:subfield>
    <marc:subfield code="y">1957</marc:subfield>
  </marc:datafield>
  <marc:datafield tag="999" ind1="C" ind2="5">
    <marc:subfield code="h">J. D. Bjorken and S. D. Drell</marc:subfield>
    <marc:subfield code="m">Relativistic Quantum Mechanics New York</marc:subfield>
    <marc:subfield code="o">BD64</marc:subfield>
    <marc:subfield code="p">McGraw-Hill</marc:subfield>
    <marc:subfield code="y">1964</marc:subfield>
  </marc:datafield>
  <marc:datafield tag="999" ind1="C" ind2="5">
    <marc:subfield code="0">240027</marc:subfield>
    <marc:subfield code="h">A. S. Bagdasaryan, R. Sh</marc:subfield>
    <marc:subfield code="m">Egorian, S. G Grigorian, and S. G. Matinyan. Some peculiarities of conjoined hadroproduction of standard Higgs boson and heavy quark pair</marc:subfield>
    <marc:subfield code="o">BEGM87</marc:subfield>
    <marc:subfield code="s">Sov.J.Nucl.Phys.,46,315</marc:subfield>
    <marc:subfield code="s">Yad.Fiz.,46,572</marc:subfield>
    <marc:subfield code="y">1987</marc:subfield>
  </marc:datafield>
  <marc:datafield tag="999" ind1="C" ind2="5">
    <marc:subfield code="0">445102</marc:subfield>
    <marc:subfield code="9">CURATOR</marc:subfield>
    <marc:subfield code="h">D. L. Burke, R. C. Field, G. Horton-Smith, et al.</marc:subfield>
    <marc:subfield code="m">[BFHS+ 97] Positron production in multiphoton light-by-light scattering</marc:subfield>
    <marc:subfield code="o">BFHS+97</marc:subfield>
    <marc:subfield code="s">Phys.Rev.Lett.,79,1626</marc:subfield>
    <marc:subfield code="y">1997</marc:subfield>
  </marc:datafield>
  <marc:datafield tag="999" ind1="C" ind2="5">
    <marc:subfield code="0">605654</marc:subfield>
    <marc:subfield code="h">C. P. Buszello, I. Fleck, P. Marquard</marc:subfield>
    <marc:subfield code="m">and J. J. van der Bij. Prospective analysis of spin- and CP-sensitive variables in H - ZZ - l(1)+ l(1)- l(2)+ l(2)- at the LHC</marc:subfield>
    <marc:subfield code="o">BFMvdB04</marc:subfield>
    <marc:subfield code="s">Eur.Phys.J.,C32,209</marc:subfield>
    <marc:subfield code="y">2004</marc:subfield>
  </marc:datafield>
  <marc:datafield tag="999" ind1="C" ind2="5">
    <marc:subfield code="0">9146</marc:subfield>
    <marc:subfield code="h">H. Bethe and W. Heitler</marc:subfield>
    <marc:subfield code="m">On the stopping of fast particles and on the creation of positive electrons BIBLIOGRAPHY 129</marc:subfield>
    <marc:subfield code="o">BH34</marc:subfield>
    <marc:subfield code="s">Proc.Roy.Soc.Lond.,A146,83</marc:subfield>
    <marc:subfield code="y">1934</marc:subfield>
  </marc:datafield>
  <marc:datafield tag="999" ind1="C" ind2="5">
    <marc:subfield code="0">251982</marc:subfield>
    <marc:subfield code="h">R. M. Barnett, H. E. Haber, and D. E. Soper</marc:subfield>
    <marc:subfield code="m">Ultra-heavy particle production from heavy partons at hadron colliders</marc:subfield>
    <marc:subfield code="o">BHS87</marc:subfield>
    <marc:subfield code="s">Nucl.Phys.,B306,697</marc:subfield>
    <marc:subfield code="y">1987</marc:subfield>
  </marc:datafield>
  <marc:datafield tag="999" ind1="C" ind2="5">
    <marc:subfield code="9">CURATOR</marc:subfield>
    <marc:subfield code="h">J. D. Bjorken</marc:subfield>
    <marc:subfield code="m">Weak interaction theory and neutral currents. In Proceedings of Summer Institute on Particle Physics: Weak Interactions at High Energy and the Production of New Particles, August 2-13,, p. 1,. Also available as Report 198, url:</marc:subfield>
    <marc:subfield code="o">Bjo76</marc:subfield>
    <marc:subfield code="p">SLAC</marc:subfield>
    <marc:subfield code="s">Conf.Proc.,C7608021,1</marc:subfield>
    <marc:subfield code="u">http://slac.stanford.edu/pubs/slacreports/reports03/slac-r-198.pdf</marc:subfield>
    <marc:subfield code="y">1976</marc:subfield>
  </marc:datafield>
  <marc:datafield tag="999" ind1="C" ind2="5">
    <marc:subfield code="0">610787</marc:subfield>
    <marc:subfield code="h">A. Butler, D. J. Spence, and S. M. Hooker</marc:subfield>
    <marc:subfield code="m">Guiding of high-intensity laser pulses with a hydrogen-filled capillary discharge waveguide</marc:subfield>
    <marc:subfield code="o">BSH02</marc:subfield>
    <marc:subfield code="s">Phys.Rev.Lett.,89,185003</marc:subfield>
    <marc:subfield code="y">2002</marc:subfield>
  </marc:datafield>
  <marc:datafield tag="999" ind1="C" ind2="5">
    <marc:subfield code="0">854971</marc:subfield>
    <marc:subfield code="h">G. Breit and J. A. Wheeler</marc:subfield>
    <marc:subfield code="m">Collision of two light quanta</marc:subfield>
    <marc:subfield code="o">BW34</marc:subfield>
    <marc:subfield code="s">Phys.Rev.,46,1087</marc:subfield>
    <marc:subfield code="y">1934</marc:subfield>
  </marc:datafield>
  <marc:datafield tag="999" ind1="C" ind2="5">
    <marc:subfield code="0">375047</marc:subfield>
    <marc:subfield code="h">S. J. Brodsky and P. M. Zerwas</marc:subfield>
    <marc:subfield code="m">High energy photon-photon collisions [CAB+ 08] C. C.Ankenbrandt, Y. Alexahin, V. Balbekov, et al Muon collider task force report -APC, 2008 fnal.gov/annual-reports/mctf-report-2007_v9.doc</marc:subfield>
    <marc:subfield code="o">BZ95</marc:subfield>
    <marc:subfield code="s">Nucl.Instrum.Meth.,A355,19</marc:subfield>
    <marc:subfield code="y">1995</marc:subfield>
  </marc:datafield>
  <marc:datafield tag="999" ind1="C" ind2="5">
    <marc:subfield code="9">CURATOR</marc:subfield>
    <marc:subfield code="o">CAB+08</marc:subfield>
    <marc:subfield code="r">FERMILAB-TM-2399-APC</marc:subfield>
  </marc:datafield>
  <marc:datafield tag="999" ind1="C" ind2="5">
    <marc:subfield code="9">CURATOR</marc:subfield>
    <marc:subfield code="h">R. N. Cahn and S. Dawson</marc:subfield>
    <marc:subfield code="m">Production of very massive Higgs bosons. Phys. Rev. B Vol. 136, p. 196,. Phys. Rev. B Vol. 138, p. 464,(Erratum)</marc:subfield>
    <marc:subfield code="o">CD84</marc:subfield>
    <marc:subfield code="s">Phys.Lett.,B136,196</marc:subfield>
    <marc:subfield code="y">1984</marc:subfield>
  </marc:datafield>
  <marc:datafield tag="999" ind1="C" ind2="5">
    <marc:subfield code="0">393084</marc:subfield>
    <marc:subfield code="c">CDF Collaboration</marc:subfield>
    <marc:subfield code="m">Observation of top quark production in pp collisions with the collider detector at</marc:subfield>
    <marc:subfield code="o">CDF95</marc:subfield>
    <marc:subfield code="p">Fermilab</marc:subfield>
    <marc:subfield code="s">Phys.Rev.Lett.,74,2626</marc:subfield>
    <marc:subfield code="y">1995</marc:subfield>
  </marc:datafield>
  <marc:datafield tag="999" ind1="C" ind2="5">
    <marc:subfield code="0">920558</marc:subfield>
    <marc:subfield code="c">D0 Collaborations</marc:subfield>
    <marc:subfield code="m">CDF The TEVNPH Working Group. Combined CDF and D0 upper limits on standard model Higgs boson production with up to 8.6 fb1 of data</marc:subfield>
    <marc:subfield code="o">CDF13</marc:subfield>
    <marc:subfield code="r">arXiv:1107.5518</marc:subfield>
  </marc:datafield>
  <marc:datafield tag="999" ind1="C" ind2="5">
    <marc:subfield code="m">CERN timelines. The large electron-positron collider. url: The-Large-Electron-Positron-Collider</marc:subfield>
    <marc:subfield code="o">CER</marc:subfield>
    <marc:subfield code="u">http://timeline.web.cern.ch/timelines/</marc:subfield>
  </marc:datafield>
  <marc:datafield tag="999" ind1="C" ind2="5">
    <marc:subfield code="h">J. P. Chambaret, P. Georges, G. Chriaux, et al.</marc:subfield>
    <marc:subfield code="m">CERN press release. New results indicate that particle discovered at CERN is a Higgs boson. March 2013. url: new-results-indicate-particle-discovered-cern-higgs-boson. [CGC+ 09] The Extreme Light Infrastructure project ELI and its prototype APOLLON/ILE: 130 BIBLIOGRAPHY the associated laser bottlenecks. In Frontiers in Optics, p. p. FMI2, Washington, DC,. Optical Society of America</marc:subfield>
    <marc:subfield code="o">CER13</marc:subfield>
    <marc:subfield code="u">http://press.web.cern.ch/press-releases/2013/03/</marc:subfield>
    <marc:subfield code="y">2009</marc:subfield>
  </marc:datafield>
  <marc:datafield tag="999" ind1="C" ind2="5">
    <marc:subfield code="9">CURATOR</marc:subfield>
    <marc:subfield code="h">Y. W. Chan</marc:subfield>
    <marc:subfield code="m">Ultra-intense laser radiation as a possible energy booster for relativistic charged particle. Phys. Lett. A Vol. 35, p. 305</marc:subfield>
    <marc:subfield code="o">Cha71</marc:subfield>
    <marc:subfield code="s">Phys.Lett.,A35,305</marc:subfield>
    <marc:subfield code="y">1971</marc:subfield>
  </marc:datafield>
  <marc:datafield tag="999" ind1="C" ind2="5">
    <marc:subfield code="0">751518</marc:subfield>
    <marc:subfield code="h">C. Csaki, J. Hubisz, and S. J. Lee</marc:subfield>
    <marc:subfield code="m">Radion phenomenology in realistic warped space models</marc:subfield>
    <marc:subfield code="o">CHL07</marc:subfield>
    <marc:subfield code="s">Phys.Rev.,D76,125015</marc:subfield>
    <marc:subfield code="y">2007</marc:subfield>
  </marc:datafield>
  <marc:datafield tag="999" ind1="C" ind2="5">
    <marc:subfield code="m">CLIC study. Compact Linear Collider. url:</marc:subfield>
    <marc:subfield code="o">CLIC</marc:subfield>
    <marc:subfield code="u">http://clic-study.org/</marc:subfield>
  </marc:datafield>
  <marc:datafield tag="999" ind1="C" ind2="5">
    <marc:subfield code="0">667395</marc:subfield>
    <marc:subfield code="m">CLIC Physics Working Group. Physics at the CLIC multi-TeV linear collider. arXiv: url:</marc:subfield>
    <marc:subfield code="o">CLI04</marc:subfield>
    <marc:subfield code="r">hep-ph/0412251</marc:subfield>
    <marc:subfield code="u">http://arXiv.org/abs/hep-ph/0412251v1</marc:subfield>
    <marc:subfield code="y">2004</marc:subfield>
  </marc:datafield>
  <marc:datafield tag="999" ind1="C" ind2="5">
    <marc:subfield code="0">1243603</marc:subfield>
    <marc:subfield code="m">CLIC Detector and Physics Study. Physics at the CLIC e+ e linear collider url:</marc:subfield>
    <marc:subfield code="o">CLI13</marc:subfield>
    <marc:subfield code="r">arXiv:1307.5288</marc:subfield>
    <marc:subfield code="u">http://arxiv.org/pdf/1307.5288.pdf</marc:subfield>
    <marc:subfield code="y">2013</marc:subfield>
  </marc:datafield>
  <marc:datafield tag="999" ind1="C" ind2="5">
    <marc:subfield code="h">J. L. Chaloupka and D. D. Meyerhofer</marc:subfield>
    <marc:subfield code="m">Observation of electron trapping in an intense laser beam</marc:subfield>
    <marc:subfield code="o">CM99</marc:subfield>
    <marc:subfield code="s">Phys.Rev.Lett.,83,4538</marc:subfield>
    <marc:subfield code="y">1999</marc:subfield>
  </marc:datafield>
  <marc:datafield tag="999" ind1="C" ind2="5">
    <marc:subfield code="0">1088231</marc:subfield>
    <marc:subfield code="c">CMS Collaboration</marc:subfield>
    <marc:subfield code="m">Combined results of searches for the standard model Higgs boson in pp collisions at  s = 7 TeV</marc:subfield>
    <marc:subfield code="o">CMS12a</marc:subfield>
    <marc:subfield code="s">Phys.Lett.,B710,26</marc:subfield>
    <marc:subfield code="y">2012</marc:subfield>
  </marc:datafield>
  <marc:datafield tag="999" ind1="C" ind2="5">
    <marc:subfield code="0">1124338</marc:subfield>
    <marc:subfield code="c">CMS Collaboration</marc:subfield>
    <marc:subfield code="h">T. E. Cowan, M. D. Perry, M. H. Key, et al.</marc:subfield>
    <marc:subfield code="m">Observation of a new boson at a mass of 125 GeV with the CMS experiment at the LHC [CPK+ 99] High energy electrons, nuclear phenomena and heating in petawatt laser-solid experiments [CWB+ 09] Hui Chen, Scott C. Wilks, James D. Bonlie, Edison P. Liang Jason Myatt, Dwight F. Price, David D. Meyerhofer and Peter Beiersdorfer. Relativistic positron creation using ultraintense short pulse lasers [CWM+ 10] Hui Chen, S. C. Wilks, D. D</marc:subfield>
    <marc:subfield code="o">CMS12b</marc:subfield>
    <marc:subfield code="s">Phys.Lett.,B716,30</marc:subfield>
    <marc:subfield code="y">2012</marc:subfield>
  </marc:datafield>
  <marc:datafield tag="999" ind1="C" ind2="5">
    <marc:subfield code="9">CURATOR</marc:subfield>
    <marc:subfield code="o">CPK+99</marc:subfield>
    <marc:subfield code="s">Laser Part.Beams,17,773</marc:subfield>
  </marc:datafield>
  <marc:datafield tag="999" ind1="C" ind2="5">
    <marc:subfield code="9">CURATOR</marc:subfield>
    <marc:subfield code="o">CWB+09</marc:subfield>
    <marc:subfield code="s">Phys.Rev.Lett.,102,105001</marc:subfield>
  </marc:datafield>
  <marc:datafield tag="999" ind1="C" ind2="5">
    <marc:subfield code="0">861285</marc:subfield>
    <marc:subfield code="9">CURATOR</marc:subfield>
    <marc:subfield code="h">Meyerhofer, et al.</marc:subfield>
    <marc:subfield code="m">Relativistic quasimonoenergetic positron jets from intense laser-solid interactions</marc:subfield>
    <marc:subfield code="o">CWM+10</marc:subfield>
    <marc:subfield code="s">Phys.Rev.Lett.,105,015003</marc:subfield>
    <marc:subfield code="y">2010</marc:subfield>
  </marc:datafield>
  <marc:datafield tag="999" ind1="C" ind2="5">
    <marc:subfield code="0">427432</marc:subfield>
    <marc:subfield code="h">A. Djouadi, V. Driesen, W. Hollik, and J. I. Illana</marc:subfield>
    <marc:subfield code="m">The coupling of the lightest SUSY Higgs boson to two photons in the decoupling regime BIBLIOGRAPHY 131</marc:subfield>
    <marc:subfield code="o">DDHI98</marc:subfield>
    <marc:subfield code="s">Eur.Phys.J.,C1,149</marc:subfield>
    <marc:subfield code="y">1998</marc:subfield>
  </marc:datafield>
  <marc:datafield tag="999" ind1="C" ind2="5">
    <marc:subfield code="9">CURATOR</marc:subfield>
    <marc:subfield code="o">DGH96</marc:subfield>
    <marc:subfield code="s">Camb.Monogr.Part.Phys.Nucl.Phys.Cosmol.,2,1</marc:subfield>
  </marc:datafield>
  <marc:datafield tag="999" ind1="C" ind2="5">
    <marc:subfield code="0">653367</marc:subfield>
    <marc:subfield code="9">CURATOR</marc:subfield>
    <marc:subfield code="h">J. F. Donoghue, E. Golowich, and B. R. Holstein</marc:subfield>
    <marc:subfield code="m">Dynamics of the standard model. In Cambridge monographs on particle physics, nuclear physics, and cosmology. Cambridge University Press, Cambridge, 1996. [DHL+ 04] M. Duhrssen, S. Heinemeyer, H. Logan, D. Rainwater, G. Weiglein, and D. Zeppenfeld Extracting Higgs boson couplings from LHC data</marc:subfield>
    <marc:subfield code="o">DHL+04</marc:subfield>
    <marc:subfield code="s">Phys.Rev.,D70,113009</marc:subfield>
    <marc:subfield code="y">2004</marc:subfield>
  </marc:datafield>
  <marc:datafield tag="999" ind1="C" ind2="5">
    <marc:subfield code="0">678628</marc:subfield>
    <marc:subfield code="h">A. Djouadi</marc:subfield>
    <marc:subfield code="m">The anatomy of electroweak symmetry breaking. Tome I : The Higgs boson in the standard model</marc:subfield>
    <marc:subfield code="o">Djo08</marc:subfield>
    <marc:subfield code="s">Phys.Rept.,457,1</marc:subfield>
    <marc:subfield code="y">2008</marc:subfield>
  </marc:datafield>
  <marc:datafield tag="999" ind1="C" ind2="5">
    <marc:subfield code="0">522479</marc:subfield>
    <marc:subfield code="9">CURATOR</marc:subfield>
    <marc:subfield code="h">F. Dorchies, J. R. Marqus, B. Cros, G. Matthieussent, C. Courtois, T. Vlikoroussov, P. Audebert, J. P. Geindre, S. Rebibo, G. Hamoniaux, and F. Amiranoff</marc:subfield>
    <marc:subfield code="m">[DMC+ 99] Monomode guiding of 1016 W/cm2 laser pulses over 100 Rayleigh lengths in hollow capillary dielectric tubes</marc:subfield>
    <marc:subfield code="o">DMC+99</marc:subfield>
    <marc:subfield code="s">Phys.Rev.Lett.,82,4655</marc:subfield>
    <marc:subfield code="y">1999</marc:subfield>
  </marc:datafield>
  <marc:datafield tag="999" ind1="C" ind2="5">
    <marc:subfield code="0">379632</marc:subfield>
    <marc:subfield code="m">DO Collaboration. Search for high mass top quark production in pp collisions at  s = 1.8 TeV</marc:subfield>
    <marc:subfield code="o">DO 95</marc:subfield>
    <marc:subfield code="s">Phys.Rev.Lett.,74,2422</marc:subfield>
    <marc:subfield code="y">1995</marc:subfield>
  </marc:datafield>
  <marc:datafield tag="999" ind1="C" ind2="5">
    <marc:subfield code="h">A. Di Piazza</marc:subfield>
    <marc:subfield code="m">Exact solution of the Landau-Lifshitz equation in a plane wave</marc:subfield>
    <marc:subfield code="o">DP08</marc:subfield>
    <marc:subfield code="s">Lett.Math.Phys.,83,305</marc:subfield>
    <marc:subfield code="y">2008</marc:subfield>
  </marc:datafield>
  <marc:datafield tag="999" ind1="C" ind2="5">
    <marc:subfield code="0">946129</marc:subfield>
    <marc:subfield code="h">A. Di Piazza, C. Mller, K. Z. Hatsagortsyan, and C. H. Keitel</marc:subfield>
    <marc:subfield code="m">Extremely high-intensity laser interactions with fundamental quantum systems</marc:subfield>
    <marc:subfield code="o">DPMHK12</marc:subfield>
    <marc:subfield code="s">Rev.Mod.Phys.,84,1177</marc:subfield>
    <marc:subfield code="y">2012</marc:subfield>
  </marc:datafield>
  <marc:datafield tag="999" ind1="C" ind2="5">
    <marc:subfield code="9">CURATOR</marc:subfield>
    <marc:subfield code="h">G. V. Dunne</marc:subfield>
    <marc:subfield code="m">New strong-field QED effects at extreme light infrastructure. Eur. Phys. J. D, Vol. 55, p. 327</marc:subfield>
    <marc:subfield code="o">Dun09</marc:subfield>
    <marc:subfield code="s">Eur.Phys.J.,D55,327</marc:subfield>
    <marc:subfield code="y">2009</marc:subfield>
  </marc:datafield>
  <marc:datafield tag="999" ind1="C" ind2="5">
    <marc:subfield code="0">16851</marc:subfield>
    <marc:subfield code="h">D. A. Dicus and S. S. D. Willenbrock</marc:subfield>
    <marc:subfield code="m">Higgs bosons from vector-boson fusion in e+ e-, ep, and pp collisions</marc:subfield>
    <marc:subfield code="o">DW85</marc:subfield>
    <marc:subfield code="s">Phys.Rev.,D32,1642</marc:subfield>
    <marc:subfield code="y">1985</marc:subfield>
  </marc:datafield>
  <marc:datafield tag="999" ind1="C" ind2="5">
    <marc:subfield code="0">265166</marc:subfield>
    <marc:subfield code="h">D. A. Dicus and S. Willenbrock</marc:subfield>
    <marc:subfield code="m">Higgs-boson production from heavyquark fusion</marc:subfield>
    <marc:subfield code="o">DW89</marc:subfield>
    <marc:subfield code="s">Phys.Rev.,D39,751</marc:subfield>
    <marc:subfield code="y">1989</marc:subfield>
  </marc:datafield>
  <marc:datafield tag="999" ind1="C" ind2="5">
    <marc:subfield code="0">12291</marc:subfield>
    <marc:subfield code="h">F. Englert and R. Brout</marc:subfield>
    <marc:subfield code="m">Broken symmetry and the mass of gauge vector mesons</marc:subfield>
    <marc:subfield code="o">EB64</marc:subfield>
    <marc:subfield code="s">Phys.Rev.Lett.,13,321</marc:subfield>
    <marc:subfield code="y">1964</marc:subfield>
  </marc:datafield>
  <marc:datafield tag="999" ind1="C" ind2="5">
    <marc:subfield code="0">822277</marc:subfield>
    <marc:subfield code="9">CURATOR</marc:subfield>
    <marc:subfield code="h">J. R. Ellis, J. R. Espinosa, G. F. Giudice, A. Hoecker, and A. Riotto</marc:subfield>
    <marc:subfield code="m">[EEG+ 09] The probable fate of the Standard Model</marc:subfield>
    <marc:subfield code="o">EEG+09</marc:subfield>
    <marc:subfield code="s">Phys.Lett.,B679,369</marc:subfield>
    <marc:subfield code="y">2009</marc:subfield>
  </marc:datafield>
  <marc:datafield tag="999" ind1="C" ind2="5">
    <marc:subfield code="0">100355</marc:subfield>
    <marc:subfield code="h">J. R. Ellis, M. K. Gaillard, and D. V. Nanopoulos</marc:subfield>
    <marc:subfield code="m">A phenomenological profile of the Higgs boson CERN preprint Nov. 1975. 132 BIBLIOGRAPHY</marc:subfield>
    <marc:subfield code="o">EGN76</marc:subfield>
    <marc:subfield code="s">Nucl.Phys.,B106,292</marc:subfield>
    <marc:subfield code="y">1976</marc:subfield>
  </marc:datafield>
  <marc:datafield tag="999" ind1="C" ind2="5">
    <marc:subfield code="0">201469</marc:subfield>
    <marc:subfield code="h">E. Eichten, I. Hinchliffe, K. Lane, and C. Quigg</marc:subfield>
    <marc:subfield code="m">Supercollider physics (Erratum)</marc:subfield>
    <marc:subfield code="o">EHLQ84</marc:subfield>
    <marc:subfield code="s">Rev.Mod.Phys.,56,579</marc:subfield>
    <marc:subfield code="y">1984</marc:subfield>
  </marc:datafield>
  <marc:datafield tag="999" ind1="C" ind2="5">
    <marc:subfield code="h">F. Ehlotzky, K. Krajewska, and J. Z. Kamnski</marc:subfield>
    <marc:subfield code="m">Fundamental processes of quantum electrodynamics in laser fields of relativistic power</marc:subfield>
    <marc:subfield code="o">EKK09</marc:subfield>
    <marc:subfield code="s">Rept.Prog.Phys.,72,046401</marc:subfield>
    <marc:subfield code="y">2009</marc:subfield>
  </marc:datafield>
  <marc:datafield tag="999" ind1="C" ind2="5">
    <marc:subfield code="m">ELI - The Extreme Light Infrastructure. Home page of the Extreme Light Infrastructure. url:</marc:subfield>
    <marc:subfield code="o">ELIa</marc:subfield>
    <marc:subfield code="u">http://www.extreme-light-infrastructure.eu/</marc:subfield>
  </marc:datafield>
  <marc:datafield tag="999" ind1="C" ind2="5">
    <marc:subfield code="m">ELI beamlines. Lasers. url:</marc:subfield>
    <marc:subfield code="o">ELIb</marc:subfield>
    <marc:subfield code="u">http://www.eli-beams.eu/science/lasers/</marc:subfield>
  </marc:datafield>
  <marc:datafield tag="999" ind1="C" ind2="5">
    <marc:subfield code="0">538119</marc:subfield>
    <marc:subfield code="h">J. R. Ellis and D. Ross</marc:subfield>
    <marc:subfield code="m">A light Higgs boson would invite supersymmetry</marc:subfield>
    <marc:subfield code="o">ER01</marc:subfield>
    <marc:subfield code="s">Phys.Lett.,B506,331</marc:subfield>
    <marc:subfield code="y">2001</marc:subfield>
  </marc:datafield>
  <marc:datafield tag="999" ind1="C" ind2="5">
    <marc:subfield code="0">469340</marc:subfield>
    <marc:subfield code="h">P. A. Eminov, K. V. Zhukovskii, and K. G. Levtchenko</marc:subfield>
    <marc:subfield code="m">Production of Higgs with Z-boson by an electron in external fields. arXiv: url:</marc:subfield>
    <marc:subfield code="o">EZL98</marc:subfield>
    <marc:subfield code="r">hep-ph/9804314</marc:subfield>
    <marc:subfield code="u">http://arxiv.org/pdf/hep-ph/9804314.pdf</marc:subfield>
    <marc:subfield code="y">1998</marc:subfield>
  </marc:datafield>
  <marc:datafield tag="999" ind1="C" ind2="5">
    <marc:subfield code="0">142986</marc:subfield>
    <marc:subfield code="h">J. Finjord, G. Girardi, and P. Sorba</marc:subfield>
    <marc:subfield code="m">The needle in the large p haystack: Higgs versus quark or gluon jets together with Z0 in hadronic reactions</marc:subfield>
    <marc:subfield code="o">FGS79</marc:subfield>
    <marc:subfield code="s">Phys.Lett.,B89,99</marc:subfield>
    <marc:subfield code="y">1979</marc:subfield>
  </marc:datafield>
  <marc:datafield tag="999" ind1="C" ind2="5">
    <marc:subfield code="0">140910</marc:subfield>
    <marc:subfield code="h">J. Finjord</marc:subfield>
    <marc:subfield code="m">A light Higgs boson: the decay Z0  H0 l+ l-</marc:subfield>
    <marc:subfield code="o">Fin80</marc:subfield>
    <marc:subfield code="s">Phys.Scripta,21,143</marc:subfield>
    <marc:subfield code="y">1980</marc:subfield>
  </marc:datafield>
  <marc:datafield tag="999" ind1="C" ind2="5">
    <marc:subfield code="0">122052</marc:subfield>
    <marc:subfield code="h">H. M. Georgi, S. L. Glashow, M. E. Machacek, and D. V. Nanopoulos</marc:subfield>
    <marc:subfield code="m">Higgs bosons from two-gluon annihilation in proton-proton collisions</marc:subfield>
    <marc:subfield code="o">GGMN78</marc:subfield>
    <marc:subfield code="s">Phys.Rev.Lett.,40,692</marc:subfield>
    <marc:subfield code="y">1978</marc:subfield>
  </marc:datafield>
  <marc:datafield tag="999" ind1="C" ind2="5">
    <marc:subfield code="0">337660</marc:subfield>
    <marc:subfield code="h">J. F. Gunion and H. E. Haber</marc:subfield>
    <marc:subfield code="m">Higgs-boson production at the photonphoton collider mode of a high-energy e+ e- linear collider</marc:subfield>
    <marc:subfield code="o">GH93</marc:subfield>
    <marc:subfield code="s">Phys.Rev.,D48,5109</marc:subfield>
    <marc:subfield code="y">1993</marc:subfield>
  </marc:datafield>
  <marc:datafield tag="999" ind1="C" ind2="5">
    <marc:subfield code="0">12292</marc:subfield>
    <marc:subfield code="h">G. S. Guralnik, C. R. Hagen, and T. W. B. Kibble</marc:subfield>
    <marc:subfield code="m">Global conservation laws and massless particles</marc:subfield>
    <marc:subfield code="o">GHK64</marc:subfield>
    <marc:subfield code="s">Phys.Rev.Lett.,13,585</marc:subfield>
    <marc:subfield code="y">1964</marc:subfield>
  </marc:datafield>
  <marc:datafield tag="999" ind1="C" ind2="5">
    <marc:subfield code="0">279039</marc:subfield>
    <marc:subfield code="0">279039</marc:subfield>
    <marc:subfield code="h">J. F. Gunion, H. E. Haber, G. Kane, and S. Dawson</marc:subfield>
    <marc:subfield code="m">The Higgs hunters guide</marc:subfield>
    <marc:subfield code="o">GHKD00</marc:subfield>
  </marc:datafield>
  <marc:datafield tag="999" ind1="C" ind2="5">
    <marc:subfield code="9">CURATOR</marc:subfield>
    <marc:subfield code="h">H. Gies</marc:subfield>
    <marc:subfield code="m">Strong laser fields as a probe for fundamental physics. Eur. Phys. J. D, Vol. 55, p. 311</marc:subfield>
    <marc:subfield code="o">Gie09</marc:subfield>
    <marc:subfield code="s">Eur.Phys.J.,D55,311</marc:subfield>
    <marc:subfield code="y">2009</marc:subfield>
  </marc:datafield>
  <marc:datafield tag="999" ind1="C" ind2="5">
    <marc:subfield code="0">415273</marc:subfield>
    <marc:subfield code="h">I. F. Ginzburg</marc:subfield>
    <marc:subfield code="m">The e+ e- pair production at + - collider. arXiv: 1996. url: BIBLIOGRAPHY 133 [GKP+ 84] I. F. Ginzburg, G. L. Kotkin, S. L. Panfil, V. G. Serbo, and V. I. Telnov Colliding e and  beams based on single-pass e+ e accelerators II. polarization effects, monochromatization improvement</marc:subfield>
    <marc:subfield code="o">Gin96</marc:subfield>
    <marc:subfield code="r">hep-ph/9601273</marc:subfield>
    <marc:subfield code="u">http://arxiv.org/pdf/hep-ph/9601273v1.pdf</marc:subfield>
  </marc:datafield>
  <marc:datafield tag="999" ind1="C" ind2="5">
    <marc:subfield code="9">CURATOR</marc:subfield>
    <marc:subfield code="o">GKP+84</marc:subfield>
    <marc:subfield code="s">Nucl.Instrum.Meth.,A219,5</marc:subfield>
  </marc:datafield>
  <marc:datafield tag="999" ind1="C" ind2="5">
    <marc:subfield code="0">166246</marc:subfield>
    <marc:subfield code="h">I. F. Ginzburg, G. L. Kotkin, V. G. Serbo, and V. I. Telnov</marc:subfield>
    <marc:subfield code="m">Production of high-energy colliding  and e beams with a high luminosity at VLEPP accelerators</marc:subfield>
    <marc:subfield code="o">GKST81</marc:subfield>
    <marc:subfield code="s">Zh.Eksp.Teor.Fiz.,34,514</marc:subfield>
    <marc:subfield code="s">JETP Lett.,34,491</marc:subfield>
    <marc:subfield code="y">1981</marc:subfield>
  </marc:datafield>
  <marc:datafield tag="999" ind1="C" ind2="5">
    <marc:subfield code="0">169557</marc:subfield>
    <marc:subfield code="h">I. F. Ginzburg, G. L. Kotkin, V. G. Serbo, and V. I. Telnov</marc:subfield>
    <marc:subfield code="m">Colliding e and  beams based on the single-pass e e colliders (VLEPP type)</marc:subfield>
    <marc:subfield code="o">GKST83</marc:subfield>
    <marc:subfield code="s">Nucl.Instrum.Meth.,205,47</marc:subfield>
    <marc:subfield code="y">1983</marc:subfield>
  </marc:datafield>
  <marc:datafield tag="999" ind1="C" ind2="5">
    <marc:subfield code="0">136350</marc:subfield>
    <marc:subfield code="h">S. L. Glashow, D. V. Nanopoulos, and A. Yildiz</marc:subfield>
    <marc:subfield code="m">Associated production of Higgs bosons and Z particles</marc:subfield>
    <marc:subfield code="o">GNY78</marc:subfield>
    <marc:subfield code="s">Phys.Rev.,D18,1724</marc:subfield>
    <marc:subfield code="y">1978</marc:subfield>
  </marc:datafield>
  <marc:datafield tag="999" ind1="C" ind2="5">
    <marc:subfield code="m">GNU Operating System. GSL - GNU Scientific Library. url:</marc:subfield>
    <marc:subfield code="o">GSL</marc:subfield>
    <marc:subfield code="u">http://www.gnu.org/software/gsl/</marc:subfield>
  </marc:datafield>
  <marc:datafield tag="999" ind1="C" ind2="5">
    <marc:subfield code="0">11883</marc:subfield>
    <marc:subfield code="h">P. W. Higgs</marc:subfield>
    <marc:subfield code="m">Broken symmetries and the masses of gauge bosons</marc:subfield>
    <marc:subfield code="o">Hig64a</marc:subfield>
    <marc:subfield code="s">Phys.Rev.Lett.,13,508</marc:subfield>
    <marc:subfield code="y">1964</marc:subfield>
  </marc:datafield>
  <marc:datafield tag="999" ind1="C" ind2="5">
    <marc:subfield code="0">40440</marc:subfield>
    <marc:subfield code="h">P. W. Higgs</marc:subfield>
    <marc:subfield code="m">Broken symmetries, massless particles and gauge fields</marc:subfield>
    <marc:subfield code="o">Hig64b</marc:subfield>
    <marc:subfield code="s">Phys.Lett.,12,132</marc:subfield>
    <marc:subfield code="y">1964</marc:subfield>
  </marc:datafield>
  <marc:datafield tag="999" ind1="C" ind2="5">
    <marc:subfield code="0">710650</marc:subfield>
    <marc:subfield code="h">K. Z. Hatsagortsyan, C. Mller, and C. H. Keitel</marc:subfield>
    <marc:subfield code="m">Microscopic laser-driven high-energy colliders</marc:subfield>
    <marc:subfield code="o">HMK06</marc:subfield>
    <marc:subfield code="s">Europhys.Lett.,76,29</marc:subfield>
    <marc:subfield code="y">2006</marc:subfield>
  </marc:datafield>
  <marc:datafield tag="999" ind1="C" ind2="5">
    <marc:subfield code="0">111938</marc:subfield>
    <marc:subfield code="h">B. L. Ioffe and V. A. Khoze</marc:subfield>
    <marc:subfield code="m">What can be expected from experiments on colliding e+ e- beams with E approximately equal to 100-GeV?</marc:subfield>
    <marc:subfield code="o">IK78</marc:subfield>
    <marc:subfield code="s">Sov.J.Part.Nucl.,9,50</marc:subfield>
    <marc:subfield code="s">Fiz.Elem.Chast.Atom.Yadra,9,118</marc:subfield>
    <marc:subfield code="y">1978</marc:subfield>
  </marc:datafield>
  <marc:datafield tag="999" ind1="C" ind2="5">
    <marc:subfield code="m">Linear Collider Collaboration. Home page of the International Linear Collider. url:</marc:subfield>
    <marc:subfield code="o">ILC</marc:subfield>
    <marc:subfield code="u">http://www.linearcollider.org/ILC</marc:subfield>
  </marc:datafield>
  <marc:datafield tag="999" ind1="C" ind2="5">
    <marc:subfield code="0">770300</marc:subfield>
    <marc:subfield code="m">ILC Global Design Effort and World Wide Study. International Linear Collider Reference Design Report url:</marc:subfield>
    <marc:subfield code="o">ILC07</marc:subfield>
    <marc:subfield code="r">arXiv:0712.1950 [physics.accph]</marc:subfield>
    <marc:subfield code="u">http://arxiv.org/pdf/0712.1950v1.pdf</marc:subfield>
    <marc:subfield code="y">2007</marc:subfield>
  </marc:datafield>
  <marc:datafield tag="999" ind1="C" ind2="5">
    <marc:subfield code="9">CURATOR</marc:subfield>
    <marc:subfield code="h">C. Itzykson and J.-B. Zuber</marc:subfield>
    <marc:subfield code="m">Quantum Field Theory Inc., New York</marc:subfield>
    <marc:subfield code="o">IZ80</marc:subfield>
    <marc:subfield code="p">McGraw-Hill</marc:subfield>
    <marc:subfield code="r">ISBN-9780486445687</marc:subfield>
    <marc:subfield code="y">1980</marc:subfield>
  </marc:datafield>
  <marc:datafield tag="999" ind1="C" ind2="5">
    <marc:subfield code="h">J. D. Jackson</marc:subfield>
    <marc:subfield code="m">Classical Electrodynamics. John &amp; Sons, Inc., New York, 2nd edition,. 134 BIBLIOGRAPHY</marc:subfield>
    <marc:subfield code="o">Jac75</marc:subfield>
    <marc:subfield code="p">Wiley</marc:subfield>
    <marc:subfield code="y">1975</marc:subfield>
  </marc:datafield>
  <marc:datafield tag="999" ind1="C" ind2="5">
    <marc:subfield code="0">140909</marc:subfield>
    <marc:subfield code="h">D. R. T. Jones and S. T. Petcov</marc:subfield>
    <marc:subfield code="m">Heavy Higgs bosons at LEP</marc:subfield>
    <marc:subfield code="o">JP79</marc:subfield>
    <marc:subfield code="s">Phys.Lett.,B84,440</marc:subfield>
    <marc:subfield code="y">1979</marc:subfield>
  </marc:datafield>
  <marc:datafield tag="999" ind1="C" ind2="5">
    <marc:subfield code="9">CURATOR</marc:subfield>
    <marc:subfield code="h">E. Keil</marc:subfield>
    <marc:subfield code="m">The CERN Large Hadron Collider LHC. LHC Project Report 83,. url:</marc:subfield>
    <marc:subfield code="o">Kei96</marc:subfield>
    <marc:subfield code="r">CERN-LHC-PROJECT-REPORT-83</marc:subfield>
    <marc:subfield code="u">http://cds.cern.ch/record/321820/files/lhc-project-report-83.pdf</marc:subfield>
    <marc:subfield code="y">1996</marc:subfield>
  </marc:datafield>
  <marc:datafield tag="999" ind1="C" ind2="5">
    <marc:subfield code="0">403821</marc:subfield>
    <marc:subfield code="h">W. Kilian, M. Krmer, and P. M. Zerwas</marc:subfield>
    <marc:subfield code="m">Higgs-strahlung and WW fusion in e+ e collisions [KMK+ 04] Q. Kong, S. Miyazaki, S. Kawata, K. Miyauchi, K. Sakai, Y. K. Ho, K. Nakajima, N. Miyanaga, J. Limpouch, and A. A. Andreev Electron bunch trapping and compression by an intense focused pulse laser. Phys. Rev. E Vol. 69, p. 056502, 2004</marc:subfield>
    <marc:subfield code="o">KKZ96</marc:subfield>
    <marc:subfield code="s">Phys.Lett.,B373,135</marc:subfield>
    <marc:subfield code="y">1996</marc:subfield>
  </marc:datafield>
  <marc:datafield tag="999" ind1="C" ind2="5">
    <marc:subfield code="9">CURATOR</marc:subfield>
    <marc:subfield code="o">KMK+04</marc:subfield>
    <marc:subfield code="s">Phys.Rev.,E69,056502</marc:subfield>
  </marc:datafield>
  <marc:datafield tag="999" ind1="C" ind2="5">
    <marc:subfield code="h">A. E. Kaplan and A. L. Pokrovsky</marc:subfield>
    <marc:subfield code="m">Fully relativistic theory of the ponderomotive force in an ultraintense standing wave</marc:subfield>
    <marc:subfield code="o">KP05</marc:subfield>
    <marc:subfield code="s">Phys.Rev.Lett.,95,053601</marc:subfield>
    <marc:subfield code="y">2005</marc:subfield>
  </marc:datafield>
  <marc:datafield tag="999" ind1="C" ind2="5">
    <marc:subfield code="0">201634</marc:subfield>
    <marc:subfield code="h">Z. Kunszt</marc:subfield>
    <marc:subfield code="m">Associated production of heavy Higgs boson with top quarks</marc:subfield>
    <marc:subfield code="o">Kun84</marc:subfield>
    <marc:subfield code="s">Nucl.Phys.,B247,339</marc:subfield>
    <marc:subfield code="y">1984</marc:subfield>
  </marc:datafield>
  <marc:datafield tag="999" ind1="C" ind2="5">
    <marc:subfield code="9">CURATOR</marc:subfield>
    <marc:subfield code="h">W. P. Leemans and E. Esarey</marc:subfield>
    <marc:subfield code="m">Laser-driven plasma-wave electron accelerators</marc:subfield>
    <marc:subfield code="o">LE09</marc:subfield>
    <marc:subfield code="s">Phys.Today,62N3,44</marc:subfield>
    <marc:subfield code="y">2009</marc:subfield>
  </marc:datafield>
  <marc:datafield tag="999" ind1="C" ind2="5">
    <marc:subfield code="h">E. Ltstedt, U. D. Jentschura, and C. H. Keitel</marc:subfield>
    <marc:subfield code="m">Laser channeling of Bethe-Heitler pairs</marc:subfield>
    <marc:subfield code="o">LJK08</marc:subfield>
    <marc:subfield code="s">Phys.Rev.Lett.,101,203001</marc:subfield>
    <marc:subfield code="y">2008</marc:subfield>
  </marc:datafield>
  <marc:datafield tag="999" ind1="C" ind2="5">
    <marc:subfield code="h">L. D. Landau and E. M. Lifschitz</marc:subfield>
    <marc:subfield code="m">Lehrbuch der theoretischen Physik - Band 4: Quantenelektrodynamik. Akademie Verlag, Berlin, 7th edition, 1991. [LNG+ 06] W. P. Leemans, B. Nagler, A. J. Gonsalves Cs. Tth, K. Nakamura, C. G. R. Geddes, E. Esarey, C. B Schroeder, and S. M. Hooker. GeV electron beams from a centimetre-scale accelerator. Nat. Phys., Vol. 2, p. 696</marc:subfield>
    <marc:subfield code="o">LL91</marc:subfield>
    <marc:subfield code="y">2006</marc:subfield>
  </marc:datafield>
  <marc:datafield tag="999" ind1="C" ind2="5">
    <marc:subfield code="9">CURATOR</marc:subfield>
    <marc:subfield code="o">LNG+06</marc:subfield>
    <marc:subfield code="s">Nature Phys.,2,696</marc:subfield>
  </marc:datafield>
  <marc:datafield tag="999" ind1="C" ind2="5">
    <marc:subfield code="0">118829</marc:subfield>
    <marc:subfield code="h">B. W. Lee, C. Quigg, and H. B. Thacker</marc:subfield>
    <marc:subfield code="m">The strength of weak interactions at very high energies and the Higgs boson mass</marc:subfield>
    <marc:subfield code="o">LQT77a</marc:subfield>
    <marc:subfield code="s">Phys.Rev.Lett.,38,883</marc:subfield>
    <marc:subfield code="y">1977</marc:subfield>
  </marc:datafield>
  <marc:datafield tag="999" ind1="C" ind2="5">
    <marc:subfield code="0">119348</marc:subfield>
    <marc:subfield code="h">B. W. Lee, C. Quigg, and H. B. Thacker</marc:subfield>
    <marc:subfield code="m">Weak interactions at very high energies: the role of the Higgs boson mass [Ml04] C. Mller Nichtlineare Paarerzeugung im Stoss eines relativistischen Kerns mit einem intensiven Laserstrahl. PhD thesis, Universitt Giessen, 2004. BIBLIOGRAPHY 135</marc:subfield>
    <marc:subfield code="o">LQT77b</marc:subfield>
    <marc:subfield code="s">Phys.Rev.,D16,1519</marc:subfield>
    <marc:subfield code="y">1977</marc:subfield>
  </marc:datafield>
  <marc:datafield tag="999" ind1="C" ind2="5">
    <marc:subfield code="9">CURATOR</marc:subfield>
    <marc:subfield code="m">C. Mller Nichtlineare Paarerzeugung im Stoss eines relativistischen Kerns mit einem intensiven Laserstrahl. PhD thesis, Universitt Giessen, 2004.</marc:subfield>
    <marc:subfield code="o">MUL04</marc:subfield>
  </marc:datafield>
  <marc:datafield tag="999" ind1="C" ind2="5">
    <marc:subfield code="h">V. Malka</marc:subfield>
    <marc:subfield code="m">Laser plasma accelerators</marc:subfield>
    <marc:subfield code="o">Mal12</marc:subfield>
    <marc:subfield code="s">Phys.Plasmas,19,055501</marc:subfield>
    <marc:subfield code="y">2012</marc:subfield>
  </marc:datafield>
  <marc:datafield tag="999" ind1="C" ind2="5">
    <marc:subfield code="h">D. Meschede</marc:subfield>
    <marc:subfield code="m">Optics, Lights and Lasers: The Practical Approach to Modern Aspects of Photonics and Laser Physics Weinheim, 2nd edition</marc:subfield>
    <marc:subfield code="o">Mes07</marc:subfield>
    <marc:subfield code="p">Wiley-VCH</marc:subfield>
    <marc:subfield code="y">2007</marc:subfield>
  </marc:datafield>
  <marc:datafield tag="999" ind1="C" ind2="5">
    <marc:subfield code="9">CURATOR</marc:subfield>
    <marc:subfield code="h">M. Marklund and J. Lundin</marc:subfield>
    <marc:subfield code="m">Quantum vacuum experiments using high intensity lasers. Eur. Phys. J. D, Vol. 55, p. 319, 2009. [MMH+ 06] A. I. Milstein, C. Mller, K. Z. Hatsagortsyan, U. D. Jentschura, and C. H. Keitel Polarization-operator approach to electron-positron pair production in combined laser and Coulomb fields. Phys. Rev. A Vol. 73, p. 062106</marc:subfield>
    <marc:subfield code="o">ML09</marc:subfield>
    <marc:subfield code="s">Eur.Phys.J.,D55,319</marc:subfield>
    <marc:subfield code="y">2006</marc:subfield>
  </marc:datafield>
  <marc:datafield tag="999" ind1="C" ind2="5">
    <marc:subfield code="9">CURATOR</marc:subfield>
    <marc:subfield code="o">MMH+06</marc:subfield>
    <marc:subfield code="s">Phys.Rev.,A73,062106</marc:subfield>
  </marc:datafield>
  <marc:datafield tag="999" ind1="C" ind2="5">
    <marc:subfield code="0">141024</marc:subfield>
    <marc:subfield code="h">E. Ma and Y. Okada</marc:subfield>
    <marc:subfield code="m">Possible means of detecting the Higgs boson in e+ e- annihilation</marc:subfield>
    <marc:subfield code="o">MO79</marc:subfield>
    <marc:subfield code="s">Phys.Rev.,D20,1052</marc:subfield>
    <marc:subfield code="y">1979</marc:subfield>
  </marc:datafield>
  <marc:datafield tag="999" ind1="C" ind2="5">
    <marc:subfield code="0">458531</marc:subfield>
    <marc:subfield code="h">K. T. McDonald and K. Shmakov</marc:subfield>
    <marc:subfield code="m">Temporary acceleration of electrons while inside an intense electromagnetic pulse</marc:subfield>
    <marc:subfield code="o">MS99</marc:subfield>
    <marc:subfield code="s">Phys.Rev.ST Accel.Beams,2,121301</marc:subfield>
    <marc:subfield code="y">1999</marc:subfield>
  </marc:datafield>
  <marc:datafield tag="999" ind1="C" ind2="5">
    <marc:subfield code="0">503096</marc:subfield>
    <marc:subfield code="h">M. Melles, W. J. Stirling, and V. A. Khoze</marc:subfield>
    <marc:subfield code="m">Higgs boson production at the Compton collider</marc:subfield>
    <marc:subfield code="o">MSK00</marc:subfield>
    <marc:subfield code="s">Phys.Rev.,D61,054015</marc:subfield>
    <marc:subfield code="y">2000</marc:subfield>
  </marc:datafield>
  <marc:datafield tag="999" ind1="C" ind2="5">
    <marc:subfield code="0">791091</marc:subfield>
    <marc:subfield code="h">P. J. Mohr, B. N. Taylor, and D. B. Newell</marc:subfield>
    <marc:subfield code="m">CODATA recommended values of the fundamental physical constants: 2006</marc:subfield>
    <marc:subfield code="o">MTN08</marc:subfield>
    <marc:subfield code="s">Rev.Mod.Phys.,80,633</marc:subfield>
    <marc:subfield code="y">2008</marc:subfield>
  </marc:datafield>
  <marc:datafield tag="999" ind1="C" ind2="5">
    <marc:subfield code="0">233777</marc:subfield>
    <marc:subfield code="9">CURATOR</marc:subfield>
    <marc:subfield code="h">O. Nachtmann</marc:subfield>
    <marc:subfield code="m">Phnomene und Konzepte der Elementarteilchenphysik. Friedr &amp; Sohn, Braunschweig/Wiesbaden</marc:subfield>
    <marc:subfield code="o">Nac86</marc:subfield>
    <marc:subfield code="p">Vieweg</marc:subfield>
    <marc:subfield code="y">1986</marc:subfield>
  </marc:datafield>
  <marc:datafield tag="999" ind1="C" ind2="5">
    <marc:subfield code="m">The National Ignition Facility. NIF home page. url:</marc:subfield>
    <marc:subfield code="o">NIF</marc:subfield>
    <marc:subfield code="u">https://lasers.llnl.gov/about/nif</marc:subfield>
  </marc:datafield>
  <marc:datafield tag="999" ind1="C" ind2="5">
    <marc:subfield code="h">W. Nolting</marc:subfield>
    <marc:subfield code="m">Grundkurs: Theoretische Physik - Band 3: Elektrodynamik Heidelberg and others</marc:subfield>
    <marc:subfield code="o">Nol93</marc:subfield>
    <marc:subfield code="p">Springer</marc:subfield>
    <marc:subfield code="y">1993</marc:subfield>
  </marc:datafield>
  <marc:datafield tag="999" ind1="C" ind2="5">
    <marc:subfield code="0">14018</marc:subfield>
    <marc:subfield code="h">J. N. Ng and P. Zakarauskas</marc:subfield>
    <marc:subfield code="m">QCD-parton calculation of conjoined production of Higgs bosons and heavy flavors in pp collisions</marc:subfield>
    <marc:subfield code="o">NZ84</marc:subfield>
    <marc:subfield code="s">Phys.Rev.,D29,876</marc:subfield>
    <marc:subfield code="y">1984</marc:subfield>
  </marc:datafield>
  <marc:datafield tag="999" ind1="C" ind2="5">
    <marc:subfield code="0">251880</marc:subfield>
    <marc:subfield code="h">F. I. Olness and W. K. Tung</marc:subfield>
    <marc:subfield code="m">When is a heavy quark not a parton? Charged Higgs production and heavy quark mass effects in the QCDbased parton model</marc:subfield>
    <marc:subfield code="o">OT88</marc:subfield>
    <marc:subfield code="s">Nucl.Phys.,B308,813</marc:subfield>
    <marc:subfield code="y">1988</marc:subfield>
  </marc:datafield>
  <marc:datafield tag="999" ind1="C" ind2="5">
    <marc:subfield code="9">CURATOR</marc:subfield>
    <marc:subfield code="h">M. E. Peskin and D. V. Schroeder</marc:subfield>
    <marc:subfield code="i">9780201503975</marc:subfield>
    <marc:subfield code="m">An introduction to Quantum Field Theory Reading, Ma</marc:subfield>
    <marc:subfield code="o">PS95</marc:subfield>
    <marc:subfield code="p">Addison-Wesley</marc:subfield>
    <marc:subfield code="y">1995</marc:subfield>
  </marc:datafield>
  <marc:datafield tag="999" ind1="C" ind2="5">
    <marc:subfield code="h">W. H. Press, S. A. Teukolsky, W. T. Vetterling, and B. P. Flannery</marc:subfield>
    <marc:subfield code="m">Numerical Recipes in C++. Cambridge University Press, Cambridge, 3rd edition,. 136 BIBLIOGRAPHY</marc:subfield>
    <marc:subfield code="o">PTVF07</marc:subfield>
    <marc:subfield code="y">2007</marc:subfield>
  </marc:datafield>
  <marc:datafield tag="999" ind1="C" ind2="5">
    <marc:subfield code="9">CURATOR</marc:subfield>
    <marc:subfield code="h">H. R. Reiss</marc:subfield>
    <marc:subfield code="m">Effect of an intense electromagnetic field on a weakly bound system. Phys. Rev. A Vol. 22, p. 1786</marc:subfield>
    <marc:subfield code="o">Rei80</marc:subfield>
    <marc:subfield code="s">Phys.Rev.,A22,1786</marc:subfield>
    <marc:subfield code="y">1980</marc:subfield>
  </marc:datafield>
  <marc:datafield tag="999" ind1="C" ind2="5">
    <marc:subfield code="h">V. I. Ritus</marc:subfield>
    <marc:subfield code="m">Quantum effects of the interaction of elementary particles with an intense electromagnetic field</marc:subfield>
    <marc:subfield code="o">Rit85</marc:subfield>
    <marc:subfield code="s">J.Russ.Laser Res.,6,497</marc:subfield>
    <marc:subfield code="y">1985</marc:subfield>
  </marc:datafield>
  <marc:datafield tag="999" ind1="C" ind2="5">
    <marc:subfield code="0">697359</marc:subfield>
    <marc:subfield code="h">R. Rabadn, A. Ringwald, and K. Sigurdson</marc:subfield>
    <marc:subfield code="m">Photon regeneration from pseudoscalars at X-ray laser facilities</marc:subfield>
    <marc:subfield code="o">RRS06</marc:subfield>
    <marc:subfield code="s">Phys.Rev.Lett.,96,110407</marc:subfield>
    <marc:subfield code="y">2006</marc:subfield>
  </marc:datafield>
  <marc:datafield tag="999" ind1="C" ind2="5">
    <marc:subfield code="0">131809</marc:subfield>
    <marc:subfield code="h">R. Raitio and W. W. Wada</marc:subfield>
    <marc:subfield code="m">Higgs-boson production at large transverse momentum in quantum chromodynamics</marc:subfield>
    <marc:subfield code="o">RW79</marc:subfield>
    <marc:subfield code="s">Phys.Rev.,D19,941</marc:subfield>
    <marc:subfield code="y">1979</marc:subfield>
  </marc:datafield>
  <marc:datafield tag="999" ind1="C" ind2="5">
    <marc:subfield code="9">CURATOR</marc:subfield>
    <marc:subfield code="h">A. Salam</marc:subfield>
    <marc:subfield code="m">Weak and electromagnetic interactions. In Proceedings Of The Nobel Symposium HeldAt Lerum, Sweden: Elementary Particle Theory, p. p. 367</marc:subfield>
    <marc:subfield code="o">Sal68</marc:subfield>
    <marc:subfield code="s">Conf.Proc.,C680519,367</marc:subfield>
    <marc:subfield code="y">1968</marc:subfield>
  </marc:datafield>
  <marc:datafield tag="999" ind1="C" ind2="5">
    <marc:subfield code="9">CURATOR</marc:subfield>
    <marc:subfield code="o">SH00</marc:subfield>
    <marc:subfield code="s">Phys.Rev.,E63,015401</marc:subfield>
  </marc:datafield>
  <marc:datafield tag="999" ind1="C" ind2="5">
    <marc:subfield code="0">741034</marc:subfield>
    <marc:subfield code="9">CURATOR</marc:subfield>
    <marc:subfield code="h">D. J. Spence and S. M. Hooker</marc:subfield>
    <marc:subfield code="m">Investigation of a hydrogen plasma waveguide. Phys. Rev. E Vol. 63, p. 015401, 2000. [SLS+ 06] H. Schwoerer, B. Liesfeld, H.-P. Schlenvoigt, K.-U. Amthor, and R. Sauerbrey Thomson-backscattered X rays from laser-accelerated electrons</marc:subfield>
    <marc:subfield code="o">SLS+06</marc:subfield>
    <marc:subfield code="s">Phys.Rev.Lett.,96,014802</marc:subfield>
    <marc:subfield code="y">2006</marc:subfield>
  </marc:datafield>
  <marc:datafield tag="999" ind1="C" ind2="5">
    <marc:subfield code="0">540135</marc:subfield>
    <marc:subfield code="h">S. Sldner-Rembold and G. Jikia</marc:subfield>
    <marc:subfield code="m">Light Higgs production at a photon collider</marc:subfield>
    <marc:subfield code="o">SRJ01</marc:subfield>
    <marc:subfield code="s">Nucl.Instrum.Meth.,A472,133</marc:subfield>
    <marc:subfield code="y">2001</marc:subfield>
  </marc:datafield>
  <marc:datafield tag="999" ind1="C" ind2="5">
    <marc:subfield code="m">STFC Central Laser Facility. The Vulcan 10 petawatt project. url: +Initiatives/The+Vul-can+ 10+Petawatt+Project/14684.aspx</marc:subfield>
    <marc:subfield code="o">STF</marc:subfield>
    <marc:subfield code="u">http://www.clf.rl.ac.uk/New</marc:subfield>
  </marc:datafield>
  <marc:datafield tag="999" ind1="C" ind2="5">
    <marc:subfield code="0">534130</marc:subfield>
    <marc:subfield code="h">G. V. Stupakov and M. S. Zolotorev</marc:subfield>
    <marc:subfield code="m">Ponderomotive laser acceleration and focusing in vacuum for generation of attosecond electron bunches</marc:subfield>
    <marc:subfield code="o">SZ01</marc:subfield>
    <marc:subfield code="s">Phys.Rev.Lett.,86,5274</marc:subfield>
    <marc:subfield code="y">2001</marc:subfield>
  </marc:datafield>
  <marc:datafield tag="999" ind1="C" ind2="5">
    <marc:subfield code="h">R. Tanaka</marc:subfield>
    <marc:subfield code="m">SM Higgs production cross sections at  s=7 TeV (update in CERN Report 3). url: CERNYellowReportPageAt7TeV</marc:subfield>
    <marc:subfield code="o">Tan13</marc:subfield>
    <marc:subfield code="u">https://twiki.cern.ch/twiki/bin/view/LHCPhysics/</marc:subfield>
    <marc:subfield code="y">2013</marc:subfield>
  </marc:datafield>
  <marc:datafield tag="999" ind1="C" ind2="5">
    <marc:subfield code="0">139988</marc:subfield>
    <marc:subfield code="h">T. Tajima and J. M. Dawson</marc:subfield>
    <marc:subfield code="m">Laser electron accelerator</marc:subfield>
    <marc:subfield code="o">TD79</marc:subfield>
    <marc:subfield code="s">Phys.Rev.Lett.,43,267</marc:subfield>
    <marc:subfield code="y">1979</marc:subfield>
  </marc:datafield>
  <marc:datafield tag="999" ind1="C" ind2="5">
    <marc:subfield code="0">535063</marc:subfield>
    <marc:subfield code="h">V. Telnov</marc:subfield>
    <marc:subfield code="m">Photon collider at TESLA</marc:subfield>
    <marc:subfield code="o">Tel01</marc:subfield>
    <marc:subfield code="s">Nucl.Instrum.Meth.,A472,43</marc:subfield>
    <marc:subfield code="y">2001</marc:subfield>
  </marc:datafield>
  <marc:datafield tag="999" ind1="C" ind2="5">
    <marc:subfield code="0">67962</marc:subfield>
    <marc:subfield code="m">G. t Hooft. Renormalizable Lagrangians for massive Yang-Mills fields BIBLIOGRAPHY 137</marc:subfield>
    <marc:subfield code="o">tH71</marc:subfield>
    <marc:subfield code="s">Nucl.Phys.,B35,167</marc:subfield>
    <marc:subfield code="y">1971</marc:subfield>
  </marc:datafield>
  <marc:datafield tag="999" ind1="C" ind2="5">
    <marc:subfield code="0">74886</marc:subfield>
    <marc:subfield code="m">G. t Hooft and M. Veltman. Regularization and renormalization of gauge fields</marc:subfield>
    <marc:subfield code="o">tHV72</marc:subfield>
    <marc:subfield code="s">Nucl.Phys.,B44,189</marc:subfield>
    <marc:subfield code="y">1972</marc:subfield>
  </marc:datafield>
  <marc:datafield tag="999" ind1="C" ind2="5">
    <marc:subfield code="0">188736</marc:subfield>
    <marc:subfield code="m">UA1 Collaboration. Experimental observation of isolated large transverse energy electrons with associated missing energy at  s = 540 GeV</marc:subfield>
    <marc:subfield code="o">UA183a</marc:subfield>
    <marc:subfield code="s">Phys.Lett.,B122,103</marc:subfield>
    <marc:subfield code="y">1983</marc:subfield>
  </marc:datafield>
  <marc:datafield tag="999" ind1="C" ind2="5">
    <marc:subfield code="0">190338</marc:subfield>
    <marc:subfield code="m">UA1 Collaboration. Experimental observation of lepton pairs of invariant mass around 95 GeV/c2 at the CERN SPS collider</marc:subfield>
    <marc:subfield code="o">UA183b</marc:subfield>
    <marc:subfield code="s">Phys.Lett.,B126,398</marc:subfield>
    <marc:subfield code="y">1983</marc:subfield>
  </marc:datafield>
  <marc:datafield tag="999" ind1="C" ind2="5">
    <marc:subfield code="0">918328</marc:subfield>
    <marc:subfield code="h">D. M. Volkov</marc:subfield>
    <marc:subfield code="m">Exact solution of Diracs equation for a plane wave of determined frequency</marc:subfield>
    <marc:subfield code="o">Vol35</marc:subfield>
    <marc:subfield code="s">Z.Phys.,94,250</marc:subfield>
    <marc:subfield code="y">1935</marc:subfield>
  </marc:datafield>
  <marc:datafield tag="999" ind1="C" ind2="5">
    <marc:subfield code="0">51188</marc:subfield>
    <marc:subfield code="h">S. Weinberg</marc:subfield>
    <marc:subfield code="m">A model of leptons</marc:subfield>
    <marc:subfield code="o">Wei67</marc:subfield>
    <marc:subfield code="s">Phys.Rev.Lett.,19,1264</marc:subfield>
    <marc:subfield code="y">1967</marc:subfield>
  </marc:datafield>
  <marc:datafield tag="999" ind1="C" ind2="5">
    <marc:subfield code="0">2724</marc:subfield>
    <marc:subfield code="h">S. Weinberg</marc:subfield>
    <marc:subfield code="m">Implications of dynamical symmetry breaking</marc:subfield>
    <marc:subfield code="o">Wei76</marc:subfield>
    <marc:subfield code="s">Phys.Rev.,D13,974</marc:subfield>
    <marc:subfield code="y">1976</marc:subfield>
  </marc:datafield>
  <marc:datafield tag="999" ind1="C" ind2="5">
    <marc:subfield code="0">80503</marc:subfield>
    <marc:subfield code="h">J. Wess and B. Zumino</marc:subfield>
    <marc:subfield code="m">A lagrangian model invariant under supergauge transformations</marc:subfield>
    <marc:subfield code="o">WZ74a</marc:subfield>
    <marc:subfield code="s">Phys.Lett.,B49,52</marc:subfield>
    <marc:subfield code="y">1974</marc:subfield>
  </marc:datafield>
  <marc:datafield tag="999" ind1="C" ind2="5">
    <marc:subfield code="0">125570</marc:subfield>
    <marc:subfield code="h">J. Wess and B. Zumino</marc:subfield>
    <marc:subfield code="m">Supergauge transformations in four dimensions [YCK+ 08] V. Yanovsky, V. Chvykov, G. Kalinchenko, et al Ultra-high intensity300-TW laser at 0.1 Hz repetition rate</marc:subfield>
    <marc:subfield code="o">WZ74b</marc:subfield>
    <marc:subfield code="s">Phys.Lett.,B70,39</marc:subfield>
    <marc:subfield code="y">1974</marc:subfield>
  </marc:datafield>
  <marc:datafield tag="999" ind1="C" ind2="5">
    <marc:subfield code="9">CURATOR</marc:subfield>
    <marc:subfield code="o">YCK+08</marc:subfield>
    <marc:subfield code="s">Opt.Express,16,2109</marc:subfield>
  </marc:datafield>
  <marc:datafield tag="999" ind1="C" ind2="5">
    <marc:subfield code="h">A. Yariv</marc:subfield>
    <marc:subfield code="m">Quantum Electronics. John &amp; Sons, New York, 3rd edition</marc:subfield>
    <marc:subfield code="o">Yar89</marc:subfield>
    <marc:subfield code="p">Wiley</marc:subfield>
    <marc:subfield code="y">1989</marc:subfield>
  </marc:datafield>
</marc:record>
</metadata></record>