<record><header><identifier>oai:inspirehep.net:1424759</identifier><datestamp>2017-01-01T17:56:22Z</datestamp><setSpec>INSPIRE:HEP</setSpec></header><metadata><marc:record xmlns:marc="http://www.loc.gov/MARC21/slim" xmlns:xsi="http://www.w3.org/2001/XMLSchema-instance" xsi:schemaLocation="http://www.loc.gov/MARC21/slim http://www.loc.gov/standards/marcxml/schema/MARC21slim.xsd" type="Bibliographic">
     <marc:leader>00000coc  2200000uu 4500</marc:leader>
  <marc:controlfield tag="001">1424759</marc:controlfield>
  <marc:controlfield tag="005">20160629201930.0</marc:controlfield>
  <marc:datafield tag="035" ind1=" " ind2=" ">
    <marc:subfield code="9">SPIRESTeX</marc:subfield>
    <marc:subfield code="z">Glenzer:2016mf</marc:subfield>
  </marc:datafield>
  <marc:datafield tag="035" ind1=" " ind2=" ">
    <marc:subfield code="9">INSPIRETeX</marc:subfield>
    <marc:subfield code="a">Glenzer:2016rni</marc:subfield>
  </marc:datafield>
  <marc:datafield tag="970" ind1=" " ind2=" ">
    <marc:subfield code="a">SPIRES-10825746</marc:subfield>
  </marc:datafield>
  <marc:datafield tag="100" ind1=" " ind2=" ">
    <marc:subfield code="a">Glenzer, S.H.</marc:subfield>
    <marc:subfield code="u">SLAC</marc:subfield>
  </marc:datafield>
  <marc:datafield tag="700" ind1=" " ind2=" ">
    <marc:subfield code="a">Fletcher, L.B.</marc:subfield>
    <marc:subfield code="u">SLAC</marc:subfield>
  </marc:datafield>
  <marc:datafield tag="700" ind1=" " ind2=" ">
    <marc:subfield code="a">Gamboa, E.</marc:subfield>
    <marc:subfield code="u">SLAC</marc:subfield>
  </marc:datafield>
  <marc:datafield tag="700" ind1=" " ind2=" ">
    <marc:subfield code="a">Gauthier, M.</marc:subfield>
    <marc:subfield code="u">SLAC</marc:subfield>
  </marc:datafield>
  <marc:datafield tag="700" ind1=" " ind2=" ">
    <marc:subfield code="a">Kim, J.</marc:subfield>
    <marc:subfield code="u">SLAC</marc:subfield>
  </marc:datafield>
  <marc:datafield tag="700" ind1=" " ind2=" ">
    <marc:subfield code="a">MacDonald, M.</marc:subfield>
    <marc:subfield code="u">SLAC</marc:subfield>
  </marc:datafield>
  <marc:datafield tag="700" ind1=" " ind2=" ">
    <marc:subfield code="a">Rodel, C.</marc:subfield>
    <marc:subfield code="u">SLAC</marc:subfield>
  </marc:datafield>
  <marc:datafield tag="700" ind1=" " ind2=" ">
    <marc:subfield code="a">Schumaker, W.</marc:subfield>
    <marc:subfield code="u">SLAC</marc:subfield>
  </marc:datafield>
  <marc:datafield tag="856" ind1="4" ind2=" ">
    <marc:subfield code="u">http://www-public.slac.stanford.edu/sciDoc/docMeta.aspx?slacPubNumber=SLAC-PUB-16445</marc:subfield>
    <marc:subfield code="w">SLAC-PUB-16445</marc:subfield>
    <marc:subfield code="y">SLAC</marc:subfield>
  </marc:datafield>
  <marc:datafield tag="856" ind1="4" ind2=" ">
    <marc:subfield code="s">1111591</marc:subfield>
    <marc:subfield code="u">http://inspirehep.net/record/1424759/files/slac-pub-16445.pdf</marc:subfield>
    <marc:subfield code="y">Fulltext</marc:subfield>
  </marc:datafield>
  <marc:datafield tag="909" ind1="C" ind2="O">
    <marc:subfield code="o">oai:inspirehep.net:1424759</marc:subfield>
    <marc:subfield code="p">INSPIRE:HEP</marc:subfield>
  </marc:datafield>
  <marc:datafield tag="037" ind1=" " ind2=" ">
    <marc:subfield code="a">SLAC-PUB-16445</marc:subfield>
  </marc:datafield>
  <marc:datafield tag="245" ind1=" " ind2=" ">
    <marc:subfield code="a">High-Power Laser Pump-Probe Experiments At The Linac Coherent Light Source</marc:subfield>
  </marc:datafield>
  <marc:datafield tag="300" ind1=" " ind2=" ">
    <marc:subfield code="a">2</marc:subfield>
  </marc:datafield>
  <marc:datafield tag="520" ind1=" " ind2=" ">
    <marc:subfield code="a">The Matter in Extreme Conditions end station at the Linac Coherent Light Source (LCLS) is a new tool enabling ultrafast pump-probe measurements of laser-matter interactions. This instrument combines the worlds brightest x-ray source, the LCLS x-ray beam, with high-power lasers consisting of two nanosecond Nd:glass laser beams and a 25 TW short-pulse Ti:sapphire laser. These lasers produce short-lived states of matter with high pressures, high temperatures or high densities whose properties are investigated with highly accurate x-ray measurements. Here, we report on new results using x-ray imaging, diffraction, and scattering that resolve the short-pulse laser beam propagation and heating of matter.</marc:subfield>
  </marc:datafield>
  <marc:datafield tag="650" ind1="1" ind2="7">
    <marc:subfield code="2">INSPIRE</marc:subfield>
    <marc:subfield code="a">Accelerators</marc:subfield>
  </marc:datafield>
  <marc:datafield tag="980" ind1=" " ind2=" ">
    <marc:subfield code="a">HEP</marc:subfield>
  </marc:datafield>
  <marc:datafield tag="999" ind1="C" ind2="5">
    <marc:subfield code="h">J. D. Lindl, P. Amendt, R. L. Berger, S. G. Glendinning, S. H. Glenzer, S. W. Haan, R. L. Kauffman, O. L. Landen, and L. J. Suter</marc:subfield>
    <marc:subfield code="o">1</marc:subfield>
    <marc:subfield code="s">Phys.Plasmas,11,339</marc:subfield>
    <marc:subfield code="t">The physics basis for ignition using indirect-drive targets on the National Ignition Facility</marc:subfield>
    <marc:subfield code="y">2004</marc:subfield>
  </marc:datafield>
  <marc:datafield tag="999" ind1="C" ind2="5">
    <marc:subfield code="h">K. Krushelnick, W. Rozmus, U. Wagner, et al.</marc:subfield>
    <marc:subfield code="o">2</marc:subfield>
    <marc:subfield code="s">Phys.Rev.Lett.,100,125005</marc:subfield>
    <marc:subfield code="t">Effect of relativistic plasma on extreme-ultraviolet harmonic emission from intense laser-matter interactions</marc:subfield>
    <marc:subfield code="y">2008</marc:subfield>
  </marc:datafield>
  <marc:datafield tag="999" ind1="C" ind2="5">
    <marc:subfield code="9">CURATOR</marc:subfield>
    <marc:subfield code="h">B. M. Hegelich et al.</marc:subfield>
    <marc:subfield code="o">3</marc:subfield>
    <marc:subfield code="s">Nature,441</marc:subfield>
    <marc:subfield code="t">Laser acceleration of quasi-monoenergetic MeV ion beams</marc:subfield>
    <marc:subfield code="y">2006</marc:subfield>
  </marc:datafield>
  <marc:datafield tag="999" ind1="C" ind2="5">
    <marc:subfield code="9">CURATOR</marc:subfield>
    <marc:subfield code="a">doi:10.1038/NPHYS2434</marc:subfield>
    <marc:subfield code="h">F. N. L. Kugland, et al.</marc:subfield>
    <marc:subfield code="o">4</marc:subfield>
    <marc:subfield code="s">Nature Physics</marc:subfield>
    <marc:subfield code="t">Self-organized electromagnetic field structures in laser-produced counter-streaming plasmas</marc:subfield>
    <marc:subfield code="y">2012</marc:subfield>
  </marc:datafield>
  <marc:datafield tag="999" ind1="C" ind2="5">
    <marc:subfield code="h">T. Guillot</marc:subfield>
    <marc:subfield code="o">5</marc:subfield>
    <marc:subfield code="s">Science,286,72</marc:subfield>
    <marc:subfield code="t">Interiors of giant planets inside end outside the solar system</marc:subfield>
    <marc:subfield code="y">1999</marc:subfield>
  </marc:datafield>
  <marc:datafield tag="999" ind1="C" ind2="5">
    <marc:subfield code="9">CURATOR</marc:subfield>
    <marc:subfield code="h">P. Emma,R. Akre,J. Arthur, R. Bionta, C. Bostedt J. Bozek</marc:subfield>
    <marc:subfield code="o">6</marc:subfield>
    <marc:subfield code="s">Nature Photonics,4,641</marc:subfield>
    <marc:subfield code="t">First lasing and operation of an ngstrom-wavelength free-electron laser</marc:subfield>
    <marc:subfield code="y">2010</marc:subfield>
  </marc:datafield>
  <marc:datafield tag="999" ind1="C" ind2="5">
    <marc:subfield code="0">864361</marc:subfield>
    <marc:subfield code="h">S. H. Glenzer and R. Redmer</marc:subfield>
    <marc:subfield code="m">X-ray Thomson scattering in high energy density plasmas</marc:subfield>
    <marc:subfield code="o">7</marc:subfield>
    <marc:subfield code="s">Rev.Mod.Phys.,81,1625</marc:subfield>
    <marc:subfield code="y">2009</marc:subfield>
  </marc:datafield>
  <marc:datafield tag="999" ind1="C" ind2="5">
    <marc:subfield code="9">CURATOR</marc:subfield>
    <marc:subfield code="h">P. Sperling, E. J. Gamboa, H. J. Lee, H. K. Chung, E. Galtier, Y. Omarbakiyeva, H. Reinholz,G. Rpke, U. Zastrau, J. Hastings, L. B. Fletcher, and S. H. Glenzer</marc:subfield>
    <marc:subfield code="o">8</marc:subfield>
    <marc:subfield code="s">Phys.Rev.Lett.,115,115001</marc:subfield>
    <marc:subfield code="y">2015</marc:subfield>
  </marc:datafield>
  <marc:datafield tag="999" ind1="C" ind2="5">
    <marc:subfield code="h">L. B. Fletcher, H. J. Lee, T. Dppner, E. Galtier, B. Nagler, P. Heimann, et al.</marc:subfield>
    <marc:subfield code="o">9</marc:subfield>
    <marc:subfield code="s">Nature Photon.,9,274</marc:subfield>
    <marc:subfield code="t">Ultrabright X-ray laser scattering for dynamic warm dense matter physics</marc:subfield>
    <marc:subfield code="y">2015</marc:subfield>
  </marc:datafield>
  <marc:datafield tag="999" ind1="C" ind2="5">
    <marc:subfield code="h">B. Nagler et al.</marc:subfield>
    <marc:subfield code="o">10</marc:subfield>
    <marc:subfield code="s">J.Synchrotron Radiat.,22,520-525</marc:subfield>
    <marc:subfield code="t">The Matter in Extreme Conditions instrument at the Linac Coherent Light Source</marc:subfield>
    <marc:subfield code="y">2015</marc:subfield>
  </marc:datafield>
  <marc:datafield tag="999" ind1="C" ind2="6">
    <marc:subfield code="a">0-0-1-1-0-0-0</marc:subfield>
    <marc:subfield code="t">2016-03-01 19:24:44</marc:subfield>
    <marc:subfield code="v">Invenio/1.1.2.1260-aa76f refextract/1.5.44</marc:subfield>
  </marc:datafield>
  <marc:datafield tag="269" ind1=" " ind2=" ">
    <marc:subfield code="c">2016-01</marc:subfield>
  </marc:datafield>
  <marc:datafield tag="961" ind1=" " ind2=" ">
    <marc:subfield code="x">2016-01-13</marc:subfield>
  </marc:datafield>
  <marc:datafield tag="961" ind1=" " ind2=" ">
    <marc:subfield code="c">2016-01-13</marc:subfield>
  </marc:datafield>
</marc:record>
</metadata></record>