<record><header><identifier>oai:inspirehep.net:1500993</identifier><datestamp>2017-01-01T03:17:52Z</datestamp><setSpec>INSPIRE:HEP</setSpec></header><metadata><marc:record xmlns:marc="http://www.loc.gov/MARC21/slim" xmlns:xsi="http://www.w3.org/2001/XMLSchema-instance" xsi:schemaLocation="http://www.loc.gov/MARC21/slim http://www.loc.gov/standards/marcxml/schema/MARC21slim.xsd" type="Bibliographic">
     <marc:leader>00000coc  2200000uu 4500</marc:leader>
  <marc:controlfield tag="001">1500993</marc:controlfield>
  <marc:controlfield tag="005">20170101041752.0</marc:controlfield>
  <marc:datafield tag="024" ind1="7" ind2=" ">
    <marc:subfield code="2">DOI</marc:subfield>
    <marc:subfield code="a">10.1109/TNS.2016.2599560</marc:subfield>
  </marc:datafield>
  <marc:datafield tag="035" ind1=" " ind2=" ">
    <marc:subfield code="9">INSPIRETeX</marc:subfield>
    <marc:subfield code="a">Moscatelli:2016eza</marc:subfield>
  </marc:datafield>
  <marc:datafield tag="035" ind1=" " ind2=" ">
    <marc:subfield code="9">DESY</marc:subfield>
    <marc:subfield code="z">DA16-kp49bq</marc:subfield>
  </marc:datafield>
  <marc:datafield tag="035" ind1=" " ind2=" ">
    <marc:subfield code="9">arXiv</marc:subfield>
    <marc:subfield code="a">oai:arXiv.org:1611.10138</marc:subfield>
  </marc:datafield>
  <marc:datafield tag="037" ind1=" " ind2=" ">
    <marc:subfield code="9">arXiv</marc:subfield>
    <marc:subfield code="a">arXiv:1611.10138</marc:subfield>
    <marc:subfield code="c">physics.ins-det</marc:subfield>
  </marc:datafield>
  <marc:datafield tag="100" ind1=" " ind2=" ">
    <marc:subfield code="a">Moscatelli, F.</marc:subfield>
    <marc:subfield code="u">IMM, Bologna</marc:subfield>
    <marc:subfield code="u">INFN, Perugia</marc:subfield>
  </marc:datafield>
  <marc:datafield tag="245" ind1=" " ind2=" ">
    <marc:subfield code="a">Combined Bulk and Surface Radiation Damage Effects at Very High Fluences in Silicon Detectors: Measurements and TCAD Simulations</marc:subfield>
    <marc:subfield code="9">arXiv</marc:subfield>
  </marc:datafield>
  <marc:datafield tag="246" ind1=" " ind2=" ">
    <marc:subfield code="9">arXiv</marc:subfield>
    <marc:subfield code="a">Combined Bulk and Surface Radiation Damage Effects at Very High Fluences in Silicon Detectors: Measurements and TCAD Simulations</marc:subfield>
  </marc:datafield>
  <marc:datafield tag="269" ind1=" " ind2=" ">
    <marc:subfield code="c">2016-11-30</marc:subfield>
  </marc:datafield>
  <marc:datafield tag="300" ind1=" " ind2=" ">
    <marc:subfield code="a">8</marc:subfield>
  </marc:datafield>
  <marc:datafield tag="500" ind1=" " ind2=" ">
    <marc:subfield code="a">8 pages, 14 figures. arXiv admin note: text overlap with arXiv:1611.10132</marc:subfield>
    <marc:subfield code="9">arXiv</marc:subfield>
  </marc:datafield>
  <marc:datafield tag="520" ind1=" " ind2=" ">
    <marc:subfield code="a">In this work we propose a new combined TCAD radiation damage modelling scheme, featuring both bulk and surface radiation damage effects, for the analysis of silicon detectors aimed at the High Luminosity LHC. In particular, a surface damage model has been developed by introducing the relevant parameters (NOX, NIT) extracted from experimental measurements carried out on p-type substrate test structures after gamma irradiations at doses in the range 10-500 Mrad(Si). An extended bulk model, by considering impact ionization and deep-level cross-sections variation, was included as well. The model has been validated through the comparison of the simulation findings with experimental measurements carried out at very high fluences (2 10^16 1 MeV equivalent n/cm^2) thus fostering the application of this TCAD approach for the design and optimization of the new generation of silicon detectors to be used in future HEP experiments.</marc:subfield>
    <marc:subfield code="9">arXiv</marc:subfield>
  </marc:datafield>
  <marc:datafield tag="540" ind1=" " ind2=" ">
    <marc:subfield code="b">arXiv</marc:subfield>
    <marc:subfield code="u">http://arxiv.org/licenses/nonexclusive-distrib/1.0/</marc:subfield>
  </marc:datafield>
  <marc:datafield tag="650" ind1="1" ind2="7">
    <marc:subfield code="2">arXiv</marc:subfield>
    <marc:subfield code="a">physics.ins-det</marc:subfield>
  </marc:datafield>
  <marc:datafield tag="650" ind1="1" ind2="7">
    <marc:subfield code="2">INSPIRE</marc:subfield>
    <marc:subfield code="a">Instrumentation</marc:subfield>
  </marc:datafield>
  <marc:datafield tag="650" ind1="1" ind2="7">
    <marc:subfield code="2">arXiv</marc:subfield>
    <marc:subfield code="a">hep-ex</marc:subfield>
  </marc:datafield>
  <marc:datafield tag="650" ind1="1" ind2="7">
    <marc:subfield code="2">INSPIRE</marc:subfield>
    <marc:subfield code="a">Experiment-HEP</marc:subfield>
  </marc:datafield>
  <marc:datafield tag="695" ind1=" " ind2=" ">
    <marc:subfield code="2">INSPIRE</marc:subfield>
    <marc:subfield code="a">radiation: damage</marc:subfield>
  </marc:datafield>
  <marc:datafield tag="695" ind1=" " ind2=" ">
    <marc:subfield code="2">INSPIRE</marc:subfield>
    <marc:subfield code="a">damage: surface</marc:subfield>
  </marc:datafield>
  <marc:datafield tag="695" ind1=" " ind2=" ">
    <marc:subfield code="2">INSPIRE</marc:subfield>
    <marc:subfield code="a">semiconductor detector</marc:subfield>
  </marc:datafield>
  <marc:datafield tag="695" ind1=" " ind2=" ">
    <marc:subfield code="2">INSPIRE</marc:subfield>
    <marc:subfield code="a">CERN LHC Coll</marc:subfield>
  </marc:datafield>
  <marc:datafield tag="695" ind1=" " ind2=" ">
    <marc:subfield code="2">INSPIRE</marc:subfield>
    <marc:subfield code="a">gamma ray: irradiation</marc:subfield>
  </marc:datafield>
  <marc:datafield tag="695" ind1=" " ind2=" ">
    <marc:subfield code="2">INSPIRE</marc:subfield>
    <marc:subfield code="a">numerical calculations</marc:subfield>
  </marc:datafield>
  <marc:datafield tag="695" ind1=" " ind2=" ">
    <marc:subfield code="2">INSPIRE</marc:subfield>
    <marc:subfield code="a">numerical methods</marc:subfield>
  </marc:datafield>
  <marc:datafield tag="700" ind1=" " ind2=" ">
    <marc:subfield code="a">Passeri, D.</marc:subfield>
    <marc:subfield code="u">INFN, Perugia</marc:subfield>
    <marc:subfield code="u">Perugia U.</marc:subfield>
  </marc:datafield>
  <marc:datafield tag="700" ind1=" " ind2=" ">
    <marc:subfield code="a">Morozzi, A.</marc:subfield>
    <marc:subfield code="u">INFN, Perugia</marc:subfield>
    <marc:subfield code="u">Perugia U.</marc:subfield>
  </marc:datafield>
  <marc:datafield tag="700" ind1=" " ind2=" ">
    <marc:subfield code="a">Mendicino, Roberto</marc:subfield>
    <marc:subfield code="u">TIFPA-INFN, Trento</marc:subfield>
    <marc:subfield code="u">U. Trento (main)</marc:subfield>
  </marc:datafield>
  <marc:datafield tag="700" ind1=" " ind2=" ">
    <marc:subfield code="a">Dalla Betta, G. -F.</marc:subfield>
    <marc:subfield code="u">TIFPA-INFN, Trento</marc:subfield>
    <marc:subfield code="u">U. Trento (main)</marc:subfield>
  </marc:datafield>
  <marc:datafield tag="700" ind1=" " ind2=" ">
    <marc:subfield code="a">Bilei, G.M.</marc:subfield>
    <marc:subfield code="u">INFN, Perugia</marc:subfield>
  </marc:datafield>
  <marc:datafield tag="773" ind1=" " ind2=" ">
    <marc:subfield code="c">2716-2723</marc:subfield>
    <marc:subfield code="p">IEEE Trans.Nucl.Sci.</marc:subfield>
    <marc:subfield code="v">63</marc:subfield>
    <marc:subfield code="y">2016</marc:subfield>
  </marc:datafield>
  <marc:datafield tag="856" ind1="4" ind2=" ">
    <marc:subfield code="s">871445</marc:subfield>
    <marc:subfield code="u">http://inspirehep.net/record/1500993/files/arXiv:1611.10138.pdf</marc:subfield>
  </marc:datafield>
  <marc:datafield tag="909" ind1="C" ind2="O">
    <marc:subfield code="o">oai:inspirehep.net:1500993</marc:subfield>
    <marc:subfield code="p">INSPIRE:HEP</marc:subfield>
  </marc:datafield>
  <marc:datafield tag="980" ind1=" " ind2=" ">
    <marc:subfield code="a">CORE</marc:subfield>
  </marc:datafield>
  <marc:datafield tag="980" ind1=" " ind2=" ">
    <marc:subfield code="a">arXiv</marc:subfield>
  </marc:datafield>
  <marc:datafield tag="980" ind1=" " ind2=" ">
    <marc:subfield code="a">Citeable</marc:subfield>
  </marc:datafield>
  <marc:datafield tag="980" ind1=" " ind2=" ">
    <marc:subfield code="a">HEP</marc:subfield>
  </marc:datafield>
  <marc:datafield tag="980" ind1=" " ind2=" ">
    <marc:subfield code="a">Published</marc:subfield>
  </marc:datafield>
  <marc:datafield tag="999" ind1="C" ind2="6">
    <marc:subfield code="a">0-0-1-1-0-0-0</marc:subfield>
    <marc:subfield code="t">2016-12-01 09:37:38</marc:subfield>
    <marc:subfield code="v">Invenio/1.1.2.1260-aa76f refextract/1.5.44</marc:subfield>
    <marc:subfield code="v">content.pdf;1</marc:subfield>
  </marc:datafield>
  <marc:datafield tag="999" ind1="C" ind2="5">
    <marc:subfield code="h">D. Passeri, P. Ciampolini, G. M. Bilei, F. Moscatelli</marc:subfield>
    <marc:subfield code="m">IEEE Trans. Nucl. Sci., vol. NS-48, no. 5, pp. 1688-1693</marc:subfield>
    <marc:subfield code="o">1</marc:subfield>
    <marc:subfield code="t">Comprehensive modeling of bulk-damage effects in silicon radiation detectors</marc:subfield>
    <marc:subfield code="y">2001</marc:subfield>
  </marc:datafield>
  <marc:datafield tag="999" ind1="C" ind2="5">
    <marc:subfield code="h">M. Petasecca, F. Moscatelli, D. Passeri and G. U. Pignatel</marc:subfield>
    <marc:subfield code="m">IEEE Trans. Nucl. Sci., vol. NS-53, no. 5, pp. 2971-2976</marc:subfield>
    <marc:subfield code="o">2</marc:subfield>
    <marc:subfield code="t">Numerical simulation of radiation damage effects in p-type and n-type FZ silicon detectors</marc:subfield>
    <marc:subfield code="y">2006</marc:subfield>
  </marc:datafield>
  <marc:datafield tag="999" ind1="C" ind2="5">
    <marc:subfield code="h">J. Zhang</marc:subfield>
    <marc:subfield code="m">Ph.D. dissertation, Universitt Hamburg, Hamburg, Germany</marc:subfield>
    <marc:subfield code="o">3</marc:subfield>
    <marc:subfield code="t">X-ray radiation damage studies and design of a silicon pixel sensor for science at the XFEL</marc:subfield>
    <marc:subfield code="y">2013</marc:subfield>
  </marc:datafield>
  <marc:datafield tag="999" ind1="C" ind2="5">
    <marc:subfield code="h">J. Schwandt</marc:subfield>
    <marc:subfield code="m">Ph.D. dissertation, Universitt Hamburg, Hamburg, Germany</marc:subfield>
    <marc:subfield code="o">4</marc:subfield>
    <marc:subfield code="t">Design of a Radiation Hard Silicon Pixel Sensor for X-ray Science</marc:subfield>
    <marc:subfield code="y">2014</marc:subfield>
  </marc:datafield>
  <marc:datafield tag="999" ind1="C" ind2="5">
    <marc:subfield code="h">R. Dalal A. Bhardwaj, K. Ranjan, M. Moll and A. Elliott-Peisert</marc:subfield>
    <marc:subfield code="m">Journal of Instr., vol. 9, number P04007</marc:subfield>
    <marc:subfield code="o">5</marc:subfield>
    <marc:subfield code="t">Combined effect of bulk and surface damage on strip insulation properties of proton irradiated n+-p silicon strip sensors</marc:subfield>
    <marc:subfield code="y">2014</marc:subfield>
  </marc:datafield>
  <marc:datafield tag="999" ind1="C" ind2="5">
    <marc:subfield code="h">D. Pennicard, G. Pellegrini, C. Fleta, R. Bates, V. OShea, C. Parkes, N. Tartoni</marc:subfield>
    <marc:subfield code="m">Nuclear Instrum. Methods A vol. 592, pp 16-25</marc:subfield>
    <marc:subfield code="o">6</marc:subfield>
    <marc:subfield code="t">Simulations of radiation-damaged 3D detectors for the SuperLHC</marc:subfield>
    <marc:subfield code="y">2008</marc:subfield>
  </marc:datafield>
  <marc:datafield tag="999" ind1="C" ind2="5">
    <marc:subfield code="h">F. Moscatelli, P. Maccagnani, D. Passeri, G.M. Bilei, L. Servoli, A. Morozzi, G.-F. Dalla Betta, R. Mendicino, M. Boscardin and N. Zorzi</marc:subfield>
    <marc:subfield code="m">Nuclear Science Symposium (NSS-MIC) Conference Record, (San Diego, CA), to be published</marc:subfield>
    <marc:subfield code="o">7</marc:subfield>
    <marc:subfield code="p">IEEE</marc:subfield>
    <marc:subfield code="t">Measurements and TCAD Simulations of Bulk and Surface Radiation Damage Effects in Silicon Detectors</marc:subfield>
    <marc:subfield code="y">2015</marc:subfield>
  </marc:datafield>
  <marc:datafield tag="999" ind1="C" ind2="5">
    <marc:subfield code="0">1458070</marc:subfield>
    <marc:subfield code="h">G.-F. Dalla Betta, M. Boscardin, M. Bomben, M. Brianzi, G. Calderini</marc:subfield>
    <marc:subfield code="m">G. Darbo et al Phase-2</marc:subfield>
    <marc:subfield code="o">8</marc:subfield>
    <marc:subfield code="s">Nucl.Instrum.Meth.,A824,386-391</marc:subfield>
    <marc:subfield code="t">The INFN-FBK</marc:subfield>
    <marc:subfield code="t">R&amp;D Program</marc:subfield>
    <marc:subfield code="y">2016</marc:subfield>
  </marc:datafield>
  <marc:datafield tag="999" ind1="C" ind2="5">
    <marc:subfield code="h">G. Verzellesi, G. F. Dalla Betta, L. Bosisio, M. Boscardin, G. U. Pignatel and G. Soncini</marc:subfield>
    <marc:subfield code="m">Trans. on Electron Devices, Vol. 46, no. 4, pp.817-820</marc:subfield>
    <marc:subfield code="o">9</marc:subfield>
    <marc:subfield code="p">IEEE</marc:subfield>
    <marc:subfield code="t">On the Accuracy of Generation Lifetime Measurement in High-Resistivity Silicon Using PN Gated Diodes</marc:subfield>
    <marc:subfield code="y">1999</marc:subfield>
  </marc:datafield>
  <marc:datafield tag="999" ind1="C" ind2="5">
    <marc:subfield code="h">E. H. Nicollian and J. R. Brews</marc:subfield>
    <marc:subfield code="m">MOS (Metal Oxide Semiconductor) Physics and technology, John and Sons, pp. 319-356</marc:subfield>
    <marc:subfield code="o">10</marc:subfield>
    <marc:subfield code="p">Wiley</marc:subfield>
    <marc:subfield code="y">1982</marc:subfield>
  </marc:datafield>
  <marc:datafield tag="999" ind1="C" ind2="5">
    <marc:subfield code="h">A. Srivastava, E. Fretwurst, R. Klanner, H. Perrey</marc:subfield>
    <marc:subfield code="m">AGIPD Collaboration Internal Note, DESY, Hamburg, Germany</marc:subfield>
    <marc:subfield code="o">11</marc:subfield>
    <marc:subfield code="t">Analysis of electrical characteristics of gated diodes for the XFEL experiment</marc:subfield>
    <marc:subfield code="y">2010</marc:subfield>
  </marc:datafield>
  <marc:datafield tag="999" ind1="C" ind2="5">
    <marc:subfield code="h">Z. Li and E. Verbitskaya</marc:subfield>
    <marc:subfield code="m">IEEE Trans. Nucl. Sci., vol. NS-44, no. 3, pp. 834-839</marc:subfield>
    <marc:subfield code="o">12</marc:subfield>
    <marc:subfield code="t">Study of Bulk Damage in High Resistivity Silicon Detectors Irradiated by High Dose of 60 Co -Radiation</marc:subfield>
    <marc:subfield code="y">1997</marc:subfield>
  </marc:datafield>
  <marc:datafield tag="999" ind1="C" ind2="5">
    <marc:subfield code="h">R. Ranjeet, A. Peisert, H. Behnamian, M. Moll, A. Bhardwaj and K. Ranajan</marc:subfield>
    <marc:subfield code="m">CMS device simulation meeting, December</marc:subfield>
    <marc:subfield code="o">13</marc:subfield>
    <marc:subfield code="t">Rint Simulations &amp; measurements for X-ray irradiated sensors</marc:subfield>
    <marc:subfield code="u">http://indico.cern.ch/event/287460/</marc:subfield>
    <marc:subfield code="y">2013</marc:subfield>
  </marc:datafield>
  <marc:datafield tag="999" ind1="C" ind2="5">
    <marc:subfield code="h">D. Passeri, F. Moscatelli, A. Morozzi, G.M. Bilei</marc:subfield>
    <marc:subfield code="m">Nuclear Instrum. Methods A vol. 824, pp. 443-445</marc:subfield>
    <marc:subfield code="o">14</marc:subfield>
    <marc:subfield code="t">Modeling of Radiation Damage Effects in Silicon Detectors at High Fluences HLLHC with Sentaurus TCAD</marc:subfield>
    <marc:subfield code="y">2016</marc:subfield>
  </marc:datafield>
  <marc:datafield tag="999" ind1="C" ind2="5">
    <marc:subfield code="h">A.Chilingarov</marc:subfield>
    <marc:subfield code="m">RD50 Technical Note/ 03</marc:subfield>
    <marc:subfield code="o">15</marc:subfield>
    <marc:subfield code="t">Recommendations towards a standardisation of the macroscopic parameter measurements</marc:subfield>
    <marc:subfield code="u">http://rd50.web.cern.ch/rd50/doc/Internal/rd50_2003_003_version_1510-2004.doc</marc:subfield>
    <marc:subfield code="y">2003</marc:subfield>
  </marc:datafield>
  <marc:datafield tag="999" ind1="C" ind2="5">
    <marc:subfield code="h">M. Lozano, G. Pellegrini, C. Fleta, C. Loderer, J.M. Rafi, M. Ullan, et al.</marc:subfield>
    <marc:subfield code="m">IEEE Trans. Nucl. Sci., vol. NS-52, no. 5, pp. 1468-1473</marc:subfield>
    <marc:subfield code="o">16</marc:subfield>
    <marc:subfield code="t">Comparison of Radiation Hardness of P-in-N, N-in-N, and N-in-P Silicon Pad Detectors</marc:subfield>
    <marc:subfield code="y">2005</marc:subfield>
  </marc:datafield>
  <marc:datafield tag="999" ind1="C" ind2="5">
    <marc:subfield code="h">J. W. Slotboom and H. C. De Graaf</marc:subfield>
    <marc:subfield code="o">17</marc:subfield>
    <marc:subfield code="s">Solid State Electron.,19,857-862</marc:subfield>
    <marc:subfield code="t">Measurements of Bandgap narrowing in Si bipolar transistors</marc:subfield>
    <marc:subfield code="y">1976</marc:subfield>
  </marc:datafield>
  <marc:datafield tag="999" ind1="C" ind2="5">
    <marc:subfield code="h">G. A. M. Hurkx, D. B. M. Klaassen, and M. P. G. Knuvers</marc:subfield>
    <marc:subfield code="m">IEEE Trans. Electron Devices, vol. ED-39, no. 2, pp. 331-338</marc:subfield>
    <marc:subfield code="o">18</marc:subfield>
    <marc:subfield code="t">A New Recombination Model for Device Simulation Including Tunneling</marc:subfield>
    <marc:subfield code="y">1992</marc:subfield>
  </marc:datafield>
  <marc:datafield tag="999" ind1="C" ind2="5">
    <marc:subfield code="h">M. Moll</marc:subfield>
    <marc:subfield code="m">Radiation damage in silicon particle detectorsmicroscopic defects and macroscopic properties, Thesis/Dissertation, Hamburg</marc:subfield>
    <marc:subfield code="o">19</marc:subfield>
    <marc:subfield code="y">1999</marc:subfield>
  </marc:datafield>
  <marc:datafield tag="999" ind1="C" ind2="5">
    <marc:subfield code="h">R. van Overstraeten and H. de Man</marc:subfield>
    <marc:subfield code="o">20</marc:subfield>
    <marc:subfield code="s">Solid State Electron.,13,583-608</marc:subfield>
    <marc:subfield code="t">Measurement of the Ionization Rates in Diffused Silicon p-n Junctions</marc:subfield>
    <marc:subfield code="y">1970</marc:subfield>
  </marc:datafield>
  <marc:datafield tag="999" ind1="C" ind2="5">
    <marc:subfield code="h">T. Lackner</marc:subfield>
    <marc:subfield code="o">21</marc:subfield>
    <marc:subfield code="s">Solid State Electron.,34,33-42</marc:subfield>
    <marc:subfield code="t">Avalanche Multiplication in Semiconductors: A Modification of Chynoweths Law</marc:subfield>
    <marc:subfield code="y">1991</marc:subfield>
  </marc:datafield>
  <marc:datafield tag="999" ind1="C" ind2="5">
    <marc:subfield code="h">Y. Okuto and C. R. Crowell</marc:subfield>
    <marc:subfield code="o">22</marc:subfield>
    <marc:subfield code="s">Solid State Electron.,18,161-168</marc:subfield>
    <marc:subfield code="t">Threshold Energy Effect on Avalanche Breakdown Voltage in Semiconductor Junctions</marc:subfield>
    <marc:subfield code="y">1975</marc:subfield>
  </marc:datafield>
  <marc:datafield tag="999" ind1="C" ind2="5">
    <marc:subfield code="h">E. Gnani S. Reggiani, M. Rudan, G. Baccarani</marc:subfield>
    <marc:subfield code="m">in Proceedings of the 32nd European Solid-State Device Research Conference (ESSDERC), Florence, Italy, pp. 227-230, September</marc:subfield>
    <marc:subfield code="o">23</marc:subfield>
    <marc:subfield code="t">Extraction method for the impact-ionization multiplication factor in silicon at large operating temperatures</marc:subfield>
    <marc:subfield code="y">2002</marc:subfield>
  </marc:datafield>
  <marc:datafield tag="999" ind1="C" ind2="5">
    <marc:subfield code="h">A. Affolder, P. Allport, G. Casse</marc:subfield>
    <marc:subfield code="m">Nuclear Instrum. Methods A vol. 623, pp 177-179</marc:subfield>
    <marc:subfield code="o">24</marc:subfield>
    <marc:subfield code="t">Collected charge of planar silicon detectors after pion and proton irradiations up to 2.21016 neq cm-2</marc:subfield>
    <marc:subfield code="y">2010</marc:subfield>
  </marc:datafield>
  <marc:datafield tag="999" ind1="C" ind2="5">
    <marc:subfield code="h">H. Bleichner, P. Jonsson, N. Keskitalo, and E. Nordlander</marc:subfield>
    <marc:subfield code="m">Journal of Applied Physics, vol. 79, n. 12, pp. 9142-9148</marc:subfield>
    <marc:subfield code="o">25</marc:subfield>
    <marc:subfield code="t">Temperature and injection dependence of the Shockley-Read-Hall lifetime in electron irradiated n-type silicon</marc:subfield>
    <marc:subfield code="y">1996</marc:subfield>
  </marc:datafield>
  <marc:datafield tag="999" ind1="C" ind2="5">
    <marc:subfield code="h">A. Holmes-Siedle and L. Adams</marc:subfield>
    <marc:subfield code="m">Handbook of radiation effects, 2nd Edition, Oxford University Press Inc., New York</marc:subfield>
    <marc:subfield code="o">26</marc:subfield>
    <marc:subfield code="y">2002</marc:subfield>
  </marc:datafield>
  <marc:datafield tag="999" ind1="C" ind2="5">
    <marc:subfield code="0">669042</marc:subfield>
    <marc:subfield code="h">I. Mandic, V. Cindro, G. Kramberger, E. S. Kristof, M. Mikuz, D. Vrtacnik, M. Ullan, and F. Anghinolfi</marc:subfield>
    <marc:subfield code="o">27</marc:subfield>
    <marc:subfield code="s">IEEE Trans.Nucl.Sci.,51,1752-1758</marc:subfield>
    <marc:subfield code="t">Bulk Damage in DMILL npn Bipolar Transistors Caused by Thermal Neutrons Versus Protons and Fast Neutrons</marc:subfield>
    <marc:subfield code="y">2004</marc:subfield>
  </marc:datafield>
</marc:record>
</metadata></record>