<record><header><identifier>oai:inspirehep.net:1505081</identifier><datestamp>2017-01-01T03:17:15Z</datestamp><setSpec>INSPIRE:HEP</setSpec></header><metadata><marc:record xmlns:marc="http://www.loc.gov/MARC21/slim" xmlns:xsi="http://www.w3.org/2001/XMLSchema-instance" xsi:schemaLocation="http://www.loc.gov/MARC21/slim http://www.loc.gov/standards/marcxml/schema/MARC21slim.xsd" type="Bibliographic">
     <marc:leader>00000coc  2200000uu 4500</marc:leader>
  <marc:controlfield tag="001">1505081</marc:controlfield>
  <marc:controlfield tag="005">20170222102437.0</marc:controlfield>
  <marc:datafield tag="024" ind1="7" ind2=" ">
    <marc:subfield code="2">DOI</marc:subfield>
    <marc:subfield code="a">10.3390/galaxies4040044</marc:subfield>
  </marc:datafield>
  <marc:datafield tag="035" ind1=" " ind2=" ">
    <marc:subfield code="a">Piner:2016yvq</marc:subfield>
    <marc:subfield code="9">INSPIRETeX</marc:subfield>
  </marc:datafield>
  <marc:datafield tag="035" ind1=" " ind2=" ">
    <marc:subfield code="9">arXiv</marc:subfield>
    <marc:subfield code="a">oai:arXiv.org:1612.05706</marc:subfield>
  </marc:datafield>
  <marc:datafield tag="037" ind1=" " ind2=" ">
    <marc:subfield code="9">arXiv</marc:subfield>
    <marc:subfield code="a">arXiv:1612.05706</marc:subfield>
    <marc:subfield code="c">astro-ph.GA</marc:subfield>
  </marc:datafield>
  <marc:datafield tag="100" ind1=" " ind2=" ">
    <marc:subfield code="a">Piner, B. Glenn</marc:subfield>
  </marc:datafield>
  <marc:datafield tag="245" ind1=" " ind2=" ">
    <marc:subfield code="a">Parsec-scale Structure and Kinematics of Faint TeV HBLs</marc:subfield>
    <marc:subfield code="9">arXiv</marc:subfield>
  </marc:datafield>
  <marc:datafield tag="246" ind1=" " ind2=" ">
    <marc:subfield code="a">Parsec-scale Structure and Kinematics of Faint TeV HBLs</marc:subfield>
    <marc:subfield code="9">arXiv</marc:subfield>
  </marc:datafield>
  <marc:datafield tag="269" ind1=" " ind2=" ">
    <marc:subfield code="c">2016-12-17</marc:subfield>
  </marc:datafield>
  <marc:datafield tag="300" ind1=" " ind2=" ">
    <marc:subfield code="a">7</marc:subfield>
  </marc:datafield>
  <marc:datafield tag="500" ind1=" " ind2=" ">
    <marc:subfield code="a">*Brief entry*</marc:subfield>
  </marc:datafield>
  <marc:datafield tag="500" ind1=" " ind2=" ">
    <marc:subfield code="a">7 pages, proceedings contribution for Blazars through Sharp Multi-Wavelength Eyes</marc:subfield>
    <marc:subfield code="9">arXiv</marc:subfield>
  </marc:datafield>
  <marc:datafield tag="520" ind1=" " ind2=" ">
    <marc:subfield code="a">We present new multi-epoch Very Long Baseline Array (VLBA) observations of a set of TeV blazars drawn from our VLBA program to monitor all TeV-detected high-frequency peaked BL Lac objects (HBLs) at parsec scales. Most of these sources are faint in the radio, so they have not been well observed with VLBI by other surveys. Our previous measurements of apparent jet speeds in TeV HBLs showed apparent jet speeds that were subluminal or barely superluminal, suggesting jets with velocity structures at the parsec-scale. Here we present apparent jet speed measurements for eight new TeV HBLs, which for the first time show a superluminal tail to the apparent speed distribution for the TeV HBLs.</marc:subfield>
    <marc:subfield code="9">arXiv</marc:subfield>
  </marc:datafield>
  <marc:datafield tag="540" ind1=" " ind2=" ">
    <marc:subfield code="b">arXiv</marc:subfield>
    <marc:subfield code="u">http://creativecommons.org/licenses/by/4.0/</marc:subfield>
  </marc:datafield>
  <marc:datafield tag="650" ind1="1" ind2="7">
    <marc:subfield code="a">astro-ph.GA</marc:subfield>
    <marc:subfield code="2">arXiv</marc:subfield>
  </marc:datafield>
  <marc:datafield tag="650" ind1="1" ind2="7">
    <marc:subfield code="a">Astrophysics</marc:subfield>
    <marc:subfield code="2">INSPIRE</marc:subfield>
  </marc:datafield>
  <marc:datafield tag="700" ind1=" " ind2=" ">
    <marc:subfield code="a">Edwards, Philip G.</marc:subfield>
  </marc:datafield>
  <marc:datafield tag="773" ind1=" " ind2=" ">
    <marc:subfield code="x">Galaxies, vol. 4, issue 4, p. 44 (2016)</marc:subfield>
  </marc:datafield>
  <marc:datafield tag="856" ind1="4" ind2=" ">
    <marc:subfield code="s">331074</marc:subfield>
    <marc:subfield code="u">http://inspirehep.net/record/1505081/files/26525c80-97f6-4a69-b6f2-9ed6bdc90891-1612.05706.pdf</marc:subfield>
  </marc:datafield>
  <marc:datafield tag="856" ind1="4" ind2=" ">
    <marc:subfield code="s">33622</marc:subfield>
    <marc:subfield code="u">http://inspirehep.net/record/1505081/files/2014-12-01_0317+185.png</marc:subfield>
    <marc:subfield code="y">00001 VLBA images at 8\,GHz of four Tev blazars in out VLBA monitoring program: (\textbf{a}) RGB J0152+017, (\textbf{b}) 1ES 0229+200,  (\textbf{c}) RBS 0413 (0317+185),  (\textbf{d}) 1ES 0347$-$121.</marc:subfield>
  </marc:datafield>
  <marc:datafield tag="856" ind1="4" ind2=" ">
    <marc:subfield code="s">39303</marc:subfield>
    <marc:subfield code="u">http://inspirehep.net/record/1505081/files/2014-12-01_0150+015.png</marc:subfield>
    <marc:subfield code="y">00000 VLBA images at 8\,GHz of four Tev blazars in out VLBA monitoring program: (\textbf{a}) RGB J0152+017, (\textbf{b}) 1ES 0229+200,  (\textbf{c}) RBS 0413 (0317+185),  (\textbf{d}) 1ES 0347$-$121.</marc:subfield>
  </marc:datafield>
  <marc:datafield tag="856" ind1="4" ind2=" ">
    <marc:subfield code="s">6681</marc:subfield>
    <marc:subfield code="u">http://inspirehep.net/record/1505081/files/histogram_speeds.png</marc:subfield>
    <marc:subfield code="y">00002 A histogram of the peak jet speeds in TeV blazars. Blue denotes sources from our previously published data, red are from this work, and yellow are from MOJAVE. The highest apparent speed are observed in RBS\,0413, (6.0$\pm$1.2)$c$, and RGB\,J0710+591, (5.8$\pm$1.5)$c$.</marc:subfield>
  </marc:datafield>
  <marc:datafield tag="909" ind1="C" ind2="O">
    <marc:subfield code="o">oai:inspirehep.net:1505081</marc:subfield>
    <marc:subfield code="p">INSPIRE:HEP</marc:subfield>
  </marc:datafield>
  <marc:datafield tag="980" ind1=" " ind2=" ">
    <marc:subfield code="a">ConferencePaper</marc:subfield>
  </marc:datafield>
  <marc:datafield tag="980" ind1=" " ind2=" ">
    <marc:subfield code="a">arXiv</marc:subfield>
  </marc:datafield>
  <marc:datafield tag="980" ind1=" " ind2=" ">
    <marc:subfield code="a">Citeable</marc:subfield>
  </marc:datafield>
  <marc:datafield tag="980" ind1=" " ind2=" ">
    <marc:subfield code="a">HEP</marc:subfield>
  </marc:datafield>
  <marc:datafield tag="999" ind1="C" ind2="5">
    <marc:subfield code="o">1</marc:subfield>
    <marc:subfield code="h">Krawczynski, H.</marc:subfield>
  </marc:datafield>
  <marc:datafield tag="999" ind1="C" ind2="5">
    <marc:subfield code="o">1</marc:subfield>
    <marc:subfield code="h">Hughes, S.B.</marc:subfield>
  </marc:datafield>
  <marc:datafield tag="999" ind1="C" ind2="5">
    <marc:subfield code="o">1</marc:subfield>
    <marc:subfield code="h">Horan, D.</marc:subfield>
  </marc:datafield>
  <marc:datafield tag="999" ind1="C" ind2="5">
    <marc:subfield code="o">1</marc:subfield>
    <marc:subfield code="h">Aharonian, F.</marc:subfield>
  </marc:datafield>
  <marc:datafield tag="999" ind1="C" ind2="5">
    <marc:subfield code="o">1</marc:subfield>
    <marc:subfield code="h">Aller, M.F.</marc:subfield>
  </marc:datafield>
  <marc:datafield tag="999" ind1="C" ind2="5">
    <marc:subfield code="o">1</marc:subfield>
    <marc:subfield code="h">Aller, H.</marc:subfield>
  </marc:datafield>
  <marc:datafield tag="999" ind1="C" ind2="5">
    <marc:subfield code="o">1</marc:subfield>
    <marc:subfield code="h">Boltwood, P.</marc:subfield>
  </marc:datafield>
  <marc:datafield tag="999" ind1="C" ind2="5">
    <marc:subfield code="o">1</marc:subfield>
    <marc:subfield code="h">Buckley, J.</marc:subfield>
  </marc:datafield>
  <marc:datafield tag="999" ind1="C" ind2="5">
    <marc:subfield code="o">1</marc:subfield>
    <marc:subfield code="h">Coppi, P.</marc:subfield>
  </marc:datafield>
  <marc:datafield tag="999" ind1="C" ind2="5">
    <marc:subfield code="o">1</marc:subfield>
    <marc:subfield code="h">Fossati, G.</marc:subfield>
  </marc:datafield>
  <marc:datafield tag="999" ind1="C" ind2="5">
    <marc:subfield code="o">1</marc:subfield>
    <marc:subfield code="m">et al.. Multiwavelength Observations of Strong Flares from the TeV Blazar 1ES 1959+650</marc:subfield>
    <marc:subfield code="s">Astrophys.J.,601,151-164</marc:subfield>
    <marc:subfield code="y">2004</marc:subfield>
    <marc:subfield code="0">629844</marc:subfield>
  </marc:datafield>
  <marc:datafield tag="999" ind1="C" ind2="5">
    <marc:subfield code="o">2</marc:subfield>
    <marc:subfield code="h">Aharonian, F.</marc:subfield>
  </marc:datafield>
  <marc:datafield tag="999" ind1="C" ind2="5">
    <marc:subfield code="o">2</marc:subfield>
    <marc:subfield code="h">Akhperjanian, A.G.</marc:subfield>
  </marc:datafield>
  <marc:datafield tag="999" ind1="C" ind2="5">
    <marc:subfield code="o">2</marc:subfield>
    <marc:subfield code="h">Bazer-Bachi, A.R.</marc:subfield>
  </marc:datafield>
  <marc:datafield tag="999" ind1="C" ind2="5">
    <marc:subfield code="o">2</marc:subfield>
    <marc:subfield code="h">Behera, B.</marc:subfield>
  </marc:datafield>
  <marc:datafield tag="999" ind1="C" ind2="5">
    <marc:subfield code="o">2</marc:subfield>
    <marc:subfield code="h">Beilicke, M.</marc:subfield>
  </marc:datafield>
  <marc:datafield tag="999" ind1="C" ind2="5">
    <marc:subfield code="o">2</marc:subfield>
    <marc:subfield code="h">Benbow, W.</marc:subfield>
  </marc:datafield>
  <marc:datafield tag="999" ind1="C" ind2="5">
    <marc:subfield code="o">2</marc:subfield>
    <marc:subfield code="h">Berge, D.</marc:subfield>
  </marc:datafield>
  <marc:datafield tag="999" ind1="C" ind2="5">
    <marc:subfield code="o">2</marc:subfield>
    <marc:subfield code="h">Bernlhr, K.</marc:subfield>
  </marc:datafield>
  <marc:datafield tag="999" ind1="C" ind2="5">
    <marc:subfield code="o">2</marc:subfield>
    <marc:subfield code="h">Boisson, C.</marc:subfield>
  </marc:datafield>
  <marc:datafield tag="999" ind1="C" ind2="5">
    <marc:subfield code="o">2</marc:subfield>
    <marc:subfield code="h">Bolz, O.</marc:subfield>
  </marc:datafield>
  <marc:datafield tag="999" ind1="C" ind2="5">
    <marc:subfield code="o">2</marc:subfield>
    <marc:subfield code="m">et al.. An Exceptional Very High Energy Gamma-Ray Flare of PKS 2155-304 Lett., 664, L71-L74</marc:subfield>
    <marc:subfield code="h">Astrophys. J.</marc:subfield>
    <marc:subfield code="y">2007</marc:subfield>
  </marc:datafield>
  <marc:datafield tag="999" ind1="C" ind2="5">
    <marc:subfield code="o">3</marc:subfield>
    <marc:subfield code="h">Begelman, M.C.</marc:subfield>
  </marc:datafield>
  <marc:datafield tag="999" ind1="C" ind2="5">
    <marc:subfield code="o">3</marc:subfield>
    <marc:subfield code="h">Fabian, A.C.</marc:subfield>
  </marc:datafield>
  <marc:datafield tag="999" ind1="C" ind2="5">
    <marc:subfield code="o">3</marc:subfield>
    <marc:subfield code="h">Rees, M.J.</marc:subfield>
    <marc:subfield code="m">Implications of very rapid TeV variability in blazars</marc:subfield>
    <marc:subfield code="s">Mon.Not.Roy.Astron.Soc.,384,L19-L23</marc:subfield>
    <marc:subfield code="y">2008</marc:subfield>
  </marc:datafield>
  <marc:datafield tag="999" ind1="C" ind2="5">
    <marc:subfield code="o">4</marc:subfield>
    <marc:subfield code="h">Ghisellini, G.</marc:subfield>
  </marc:datafield>
  <marc:datafield tag="999" ind1="C" ind2="5">
    <marc:subfield code="o">4</marc:subfield>
    <marc:subfield code="h">Tavecchio, F.</marc:subfield>
    <marc:subfield code="m">Rapid variability in TeV blazars: the case of PKS2155-304</marc:subfield>
    <marc:subfield code="s">Mon.Not.Roy.Astron.Soc.,386,L28-L32</marc:subfield>
    <marc:subfield code="y">2008</marc:subfield>
  </marc:datafield>
  <marc:datafield tag="999" ind1="C" ind2="5">
    <marc:subfield code="o">5</marc:subfield>
    <marc:subfield code="h">Lister, M.L.</marc:subfield>
  </marc:datafield>
  <marc:datafield tag="999" ind1="C" ind2="5">
    <marc:subfield code="o">5</marc:subfield>
    <marc:subfield code="h">Aller, M.F.</marc:subfield>
  </marc:datafield>
  <marc:datafield tag="999" ind1="C" ind2="5">
    <marc:subfield code="o">5</marc:subfield>
    <marc:subfield code="h">Aller, H.D.</marc:subfield>
  </marc:datafield>
  <marc:datafield tag="999" ind1="C" ind2="5">
    <marc:subfield code="o">5</marc:subfield>
    <marc:subfield code="h">Homan, D.C.</marc:subfield>
  </marc:datafield>
  <marc:datafield tag="999" ind1="C" ind2="5">
    <marc:subfield code="o">5</marc:subfield>
    <marc:subfield code="h">Kellermann, K.I.</marc:subfield>
  </marc:datafield>
  <marc:datafield tag="999" ind1="C" ind2="5">
    <marc:subfield code="o">5</marc:subfield>
    <marc:subfield code="h">Kovalev, Y.Y.</marc:subfield>
  </marc:datafield>
  <marc:datafield tag="999" ind1="C" ind2="5">
    <marc:subfield code="o">5</marc:subfield>
    <marc:subfield code="h">Pushkarev, A.B.</marc:subfield>
  </marc:datafield>
  <marc:datafield tag="999" ind1="C" ind2="5">
    <marc:subfield code="o">5</marc:subfield>
    <marc:subfield code="h">Richards, J.L.</marc:subfield>
  </marc:datafield>
  <marc:datafield tag="999" ind1="C" ind2="5">
    <marc:subfield code="o">5</marc:subfield>
    <marc:subfield code="h">Ros, E.</marc:subfield>
  </marc:datafield>
  <marc:datafield tag="999" ind1="C" ind2="5">
    <marc:subfield code="o">5</marc:subfield>
    <marc:subfield code="h">Savolainen, T.</marc:subfield>
    <marc:subfield code="m">MOJAVE: XIII. Parsec-scale AGN Jet Kinematics Analysis Based on 19 years of VLBA Observations at 15 GHz</marc:subfield>
    <marc:subfield code="s">Astron.J.,152,12</marc:subfield>
    <marc:subfield code="y">2016</marc:subfield>
    <marc:subfield code="0">1427366</marc:subfield>
  </marc:datafield>
  <marc:datafield tag="999" ind1="C" ind2="5">
    <marc:subfield code="o">6</marc:subfield>
    <marc:subfield code="h">Ojha, R.</marc:subfield>
  </marc:datafield>
  <marc:datafield tag="999" ind1="C" ind2="5">
    <marc:subfield code="o">6</marc:subfield>
    <marc:subfield code="h">Kadler, M.</marc:subfield>
  </marc:datafield>
  <marc:datafield tag="999" ind1="C" ind2="5">
    <marc:subfield code="o">6</marc:subfield>
    <marc:subfield code="h">Bck, M.</marc:subfield>
  </marc:datafield>
  <marc:datafield tag="999" ind1="C" ind2="5">
    <marc:subfield code="o">6</marc:subfield>
    <marc:subfield code="h">Booth, R.</marc:subfield>
  </marc:datafield>
  <marc:datafield tag="999" ind1="C" ind2="5">
    <marc:subfield code="o">6</marc:subfield>
    <marc:subfield code="h">Dutka, M.S.</marc:subfield>
  </marc:datafield>
  <marc:datafield tag="999" ind1="C" ind2="5">
    <marc:subfield code="o">6</marc:subfield>
    <marc:subfield code="h">Edwards, P.G.</marc:subfield>
  </marc:datafield>
  <marc:datafield tag="999" ind1="C" ind2="5">
    <marc:subfield code="o">6</marc:subfield>
    <marc:subfield code="h">Fey, A.L.</marc:subfield>
  </marc:datafield>
  <marc:datafield tag="999" ind1="C" ind2="5">
    <marc:subfield code="o">6</marc:subfield>
    <marc:subfield code="h">Fuhrmann, L.</marc:subfield>
  </marc:datafield>
  <marc:datafield tag="999" ind1="C" ind2="5">
    <marc:subfield code="o">6</marc:subfield>
    <marc:subfield code="h">Gaume, R.A.</marc:subfield>
  </marc:datafield>
  <marc:datafield tag="999" ind1="C" ind2="5">
    <marc:subfield code="o">6</marc:subfield>
    <marc:subfield code="h">Hase, H.</marc:subfield>
  </marc:datafield>
  <marc:datafield tag="999" ind1="C" ind2="5">
    <marc:subfield code="o">6</marc:subfield>
    <marc:subfield code="m">et al.. TANAMI: tracking active galactic nuclei with austral milliarcsecond interferometry 8.4 GHz images</marc:subfield>
    <marc:subfield code="h">I. First-epoch</marc:subfield>
    <marc:subfield code="s">Astron.Astrophys.,519,A45</marc:subfield>
    <marc:subfield code="y">2010</marc:subfield>
    <marc:subfield code="0">856227</marc:subfield>
  </marc:datafield>
  <marc:datafield tag="999" ind1="C" ind2="5">
    <marc:subfield code="o">7</marc:subfield>
    <marc:subfield code="h">Piner, B.G.</marc:subfield>
  </marc:datafield>
  <marc:datafield tag="999" ind1="C" ind2="5">
    <marc:subfield code="o">7</marc:subfield>
    <marc:subfield code="h">Unwin, S.C.</marc:subfield>
  </marc:datafield>
  <marc:datafield tag="999" ind1="C" ind2="5">
    <marc:subfield code="o">7</marc:subfield>
    <marc:subfield code="h">Wehrle, A.E.</marc:subfield>
  </marc:datafield>
  <marc:datafield tag="999" ind1="C" ind2="5">
    <marc:subfield code="o">7</marc:subfield>
    <marc:subfield code="h">Edwards, P.G.</marc:subfield>
  </marc:datafield>
  <marc:datafield tag="999" ind1="C" ind2="5">
    <marc:subfield code="o">7</marc:subfield>
    <marc:subfield code="h">Fey, A.L.</marc:subfield>
  </marc:datafield>
  <marc:datafield tag="999" ind1="C" ind2="5">
    <marc:subfield code="o">7</marc:subfield>
    <marc:subfield code="h">Kingham, K.A.</marc:subfield>
    <marc:subfield code="m">VSOP and Ground-based VLBI Imaging of the TeV Blazar Markarian 421 at Multiple Epochs</marc:subfield>
    <marc:subfield code="s">Astrophys.J.,525,176-190</marc:subfield>
    <marc:subfield code="y">1999</marc:subfield>
    <marc:subfield code="0">501599</marc:subfield>
  </marc:datafield>
  <marc:datafield tag="999" ind1="C" ind2="5">
    <marc:subfield code="o">8</marc:subfield>
    <marc:subfield code="h">Edwards, P.G.</marc:subfield>
  </marc:datafield>
  <marc:datafield tag="999" ind1="C" ind2="5">
    <marc:subfield code="o">8</marc:subfield>
    <marc:subfield code="h">Piner, B.G.</marc:subfield>
    <marc:subfield code="m">The Subluminal Parsec-Scale Jet of Markarian 501. Astrophys. J Lett., 579, L67-L70</marc:subfield>
    <marc:subfield code="y">2002</marc:subfield>
  </marc:datafield>
  <marc:datafield tag="999" ind1="C" ind2="5">
    <marc:subfield code="o">9</marc:subfield>
    <marc:subfield code="h">Giroletti, M.</marc:subfield>
  </marc:datafield>
  <marc:datafield tag="999" ind1="C" ind2="5">
    <marc:subfield code="o">9</marc:subfield>
    <marc:subfield code="h">Giovannini, G.</marc:subfield>
  </marc:datafield>
  <marc:datafield tag="999" ind1="C" ind2="5">
    <marc:subfield code="o">9</marc:subfield>
    <marc:subfield code="h">Feretti, L.</marc:subfield>
  </marc:datafield>
  <marc:datafield tag="999" ind1="C" ind2="5">
    <marc:subfield code="o">9</marc:subfield>
    <marc:subfield code="h">Cotton, W.D.</marc:subfield>
  </marc:datafield>
  <marc:datafield tag="999" ind1="C" ind2="5">
    <marc:subfield code="o">9</marc:subfield>
    <marc:subfield code="h">Edwards, P.G.</marc:subfield>
  </marc:datafield>
  <marc:datafield tag="999" ind1="C" ind2="5">
    <marc:subfield code="o">9</marc:subfield>
    <marc:subfield code="h">Lara, L.</marc:subfield>
  </marc:datafield>
  <marc:datafield tag="999" ind1="C" ind2="5">
    <marc:subfield code="o">9</marc:subfield>
    <marc:subfield code="h">Marscher, A.P.</marc:subfield>
  </marc:datafield>
  <marc:datafield tag="999" ind1="C" ind2="5">
    <marc:subfield code="o">9</marc:subfield>
    <marc:subfield code="h">Mattox, J.R.</marc:subfield>
  </marc:datafield>
  <marc:datafield tag="999" ind1="C" ind2="5">
    <marc:subfield code="o">9</marc:subfield>
    <marc:subfield code="h">Piner, B.G.</marc:subfield>
  </marc:datafield>
  <marc:datafield tag="999" ind1="C" ind2="5">
    <marc:subfield code="o">9</marc:subfield>
    <marc:subfield code="h">Venturi, T.</marc:subfield>
    <marc:subfield code="m">Parsec-Scale Properties of Markarian 501</marc:subfield>
    <marc:subfield code="s">Astrophys.J.,600,127-140</marc:subfield>
    <marc:subfield code="y">2004</marc:subfield>
    <marc:subfield code="0">627820</marc:subfield>
  </marc:datafield>
  <marc:datafield tag="999" ind1="C" ind2="5">
    <marc:subfield code="o">10</marc:subfield>
    <marc:subfield code="h">Piner, B.G.</marc:subfield>
  </marc:datafield>
  <marc:datafield tag="999" ind1="C" ind2="5">
    <marc:subfield code="o">10</marc:subfield>
    <marc:subfield code="h">Edwards, P.G.</marc:subfield>
    <marc:subfield code="m">The Parsec-Scale Structure and Jet Motions of the TeV Blazars 1ES 1959+650, PKS 2155-304, and 1ES 2344+514</marc:subfield>
    <marc:subfield code="s">Astrophys.J.,600,115-126</marc:subfield>
    <marc:subfield code="y">2004</marc:subfield>
    <marc:subfield code="0">628690</marc:subfield>
  </marc:datafield>
  <marc:datafield tag="999" ind1="C" ind2="5">
    <marc:subfield code="o">11</marc:subfield>
    <marc:subfield code="h">Piner, B.G.</marc:subfield>
  </marc:datafield>
  <marc:datafield tag="999" ind1="C" ind2="5">
    <marc:subfield code="o">11</marc:subfield>
    <marc:subfield code="h">Edwards, P.G.</marc:subfield>
    <marc:subfield code="m">VLBA Polarization Observations of Markarian 421 after a Gamma-Ray High State</marc:subfield>
    <marc:subfield code="s">Astrophys.J.,622,168-177</marc:subfield>
    <marc:subfield code="y">2005</marc:subfield>
    <marc:subfield code="0">667122</marc:subfield>
  </marc:datafield>
  <marc:datafield tag="999" ind1="C" ind2="5">
    <marc:subfield code="o">12</marc:subfield>
    <marc:subfield code="h">Piner, B.G.</marc:subfield>
  </marc:datafield>
  <marc:datafield tag="999" ind1="C" ind2="5">
    <marc:subfield code="o">12</marc:subfield>
    <marc:subfield code="h">Pant, N.</marc:subfield>
  </marc:datafield>
  <marc:datafield tag="999" ind1="C" ind2="5">
    <marc:subfield code="o">12</marc:subfield>
    <marc:subfield code="h">Edwards, P.G.</marc:subfield>
    <marc:subfield code="m">The Parsec-Scale Jets of the TeV Blazars H1426+428, 1ES 1959+650, and PKS 2155-304: 2001-2004</marc:subfield>
    <marc:subfield code="s">Astrophys.J.,678,64-77</marc:subfield>
    <marc:subfield code="y">2008</marc:subfield>
    <marc:subfield code="0">777670</marc:subfield>
  </marc:datafield>
  <marc:datafield tag="999" ind1="C" ind2="5">
    <marc:subfield code="o">13</marc:subfield>
    <marc:subfield code="h">Piner, B.G.</marc:subfield>
  </marc:datafield>
  <marc:datafield tag="999" ind1="C" ind2="5">
    <marc:subfield code="o">13</marc:subfield>
    <marc:subfield code="h">Pant, N.</marc:subfield>
  </marc:datafield>
  <marc:datafield tag="999" ind1="C" ind2="5">
    <marc:subfield code="o">13</marc:subfield>
    <marc:subfield code="h">Edwards, P.G.</marc:subfield>
  </marc:datafield>
  <marc:datafield tag="999" ind1="C" ind2="5">
    <marc:subfield code="o">13</marc:subfield>
    <marc:subfield code="h">Wiik, K.</marc:subfield>
    <marc:subfield code="m">Significant Limb-Brightening in the Inner Parsec of Markarian 501. Astrophys. J Lett., 690, L31-L34</marc:subfield>
    <marc:subfield code="y">2009</marc:subfield>
  </marc:datafield>
  <marc:datafield tag="999" ind1="C" ind2="5">
    <marc:subfield code="o">14</marc:subfield>
    <marc:subfield code="h">Tiet, V.C.</marc:subfield>
  </marc:datafield>
  <marc:datafield tag="999" ind1="C" ind2="5">
    <marc:subfield code="o">14</marc:subfield>
    <marc:subfield code="h">Piner, B.G.</marc:subfield>
  </marc:datafield>
  <marc:datafield tag="999" ind1="C" ind2="5">
    <marc:subfield code="o">14</marc:subfield>
    <marc:subfield code="h">Edwards, P.G.</marc:subfield>
    <marc:subfield code="m">Increasing the Number of TeV Blazars with Parsec-Scale Kinematics. Fermi &amp; Jansky Proceedings - [arXiv:astro-ph.HE/</marc:subfield>
    <marc:subfield code="s">eConf,C1111101,2012</marc:subfield>
    <marc:subfield code="r">arXiv:1205.2399</marc:subfield>
    <marc:subfield code="0">1114271</marc:subfield>
  </marc:datafield>
  <marc:datafield tag="999" ind1="C" ind2="5">
    <marc:subfield code="o">15</marc:subfield>
    <marc:subfield code="h">Piner, B.G.</marc:subfield>
  </marc:datafield>
  <marc:datafield tag="999" ind1="C" ind2="5">
    <marc:subfield code="o">15</marc:subfield>
    <marc:subfield code="h">Edwards, P.G.</marc:subfield>
    <marc:subfield code="m">First-epoch VLBA Imaging of 20 New TeV Blazars</marc:subfield>
    <marc:subfield code="s">Astrophys.J.,797,25</marc:subfield>
    <marc:subfield code="y">2014</marc:subfield>
    <marc:subfield code="0">1319972</marc:subfield>
  </marc:datafield>
  <marc:datafield tag="999" ind1="C" ind2="5">
    <marc:subfield code="o">16</marc:subfield>
    <marc:subfield code="h">Tavecchio, F.</marc:subfield>
    <marc:subfield code="m">Extragalactic Jets: The High Energy View. The Tenth Marcel Grossmann Meeting</marc:subfield>
  </marc:datafield>
  <marc:datafield tag="999" ind1="C" ind2="5">
    <marc:subfield code="o">16</marc:subfield>
    <marc:subfield code="h">Novello, M.</marc:subfield>
  </marc:datafield>
  <marc:datafield tag="999" ind1="C" ind2="5">
    <marc:subfield code="o">16</marc:subfield>
    <marc:subfield code="m">Perez</marc:subfield>
    <marc:subfield code="h">Bergliaffa, S.</marc:subfield>
  </marc:datafield>
  <marc:datafield tag="999" ind1="C" ind2="5">
    <marc:subfield code="o">16</marc:subfield>
    <marc:subfield code="h">(Ruffini, R. (eds.))</marc:subfield>
    <marc:subfield code="m">p. 512</marc:subfield>
    <marc:subfield code="r">astro-ph/0401590</marc:subfield>
    <marc:subfield code="y">2006</marc:subfield>
    <marc:subfield code="0">643485</marc:subfield>
  </marc:datafield>
  <marc:datafield tag="999" ind1="C" ind2="5">
    <marc:subfield code="o">17</marc:subfield>
    <marc:subfield code="h">Henri, G.</marc:subfield>
  </marc:datafield>
  <marc:datafield tag="999" ind1="C" ind2="5">
    <marc:subfield code="o">17</marc:subfield>
    <marc:subfield code="h">Saug, L.</marc:subfield>
    <marc:subfield code="m">The Bulk Lorentz Factor Crisis of TeV Blazars: Evidence for an Inhomogeneous Pileup Energy Distribution?</marc:subfield>
    <marc:subfield code="s">Astrophys.J.,640,185-195</marc:subfield>
    <marc:subfield code="y">2006</marc:subfield>
    <marc:subfield code="0">698442</marc:subfield>
  </marc:datafield>
  <marc:datafield tag="999" ind1="C" ind2="5">
    <marc:subfield code="o">18</marc:subfield>
    <marc:subfield code="h">Piner, B.G.</marc:subfield>
  </marc:datafield>
  <marc:datafield tag="999" ind1="C" ind2="5">
    <marc:subfield code="o">18</marc:subfield>
    <marc:subfield code="h">Edwards, P.G.</marc:subfield>
    <marc:subfield code="m">The Parsec-Scale Structure of the Newer TeV Blazars. European Physical Journal Web of Conferences,, Vol. 61, European Physical Journal Web of Conferences, p. 04021</marc:subfield>
    <marc:subfield code="y">2013</marc:subfield>
  </marc:datafield>
  <marc:datafield tag="999" ind1="C" ind2="5">
    <marc:subfield code="o">19</marc:subfield>
    <marc:subfield code="h">Piner, B.G.</marc:subfield>
  </marc:datafield>
  <marc:datafield tag="999" ind1="C" ind2="5">
    <marc:subfield code="o">19</marc:subfield>
    <marc:subfield code="h">Pant, N.</marc:subfield>
  </marc:datafield>
  <marc:datafield tag="999" ind1="C" ind2="5">
    <marc:subfield code="o">19</marc:subfield>
    <marc:subfield code="h">Edwards, P.G.</marc:subfield>
    <marc:subfield code="m">The Jets of TeV Blazars at Higher Resolution: 43 GHz and Polarimetric VLBA Observations from 2005 to 2009</marc:subfield>
    <marc:subfield code="s">Astrophys.J.,723,1150-1167</marc:subfield>
    <marc:subfield code="y">2010</marc:subfield>
    <marc:subfield code="0">867536</marc:subfield>
  </marc:datafield>
  <marc:datafield tag="999" ind1="C" ind2="5">
    <marc:subfield code="o">20</marc:subfield>
    <marc:subfield code="h">Condon, J.J.</marc:subfield>
  </marc:datafield>
  <marc:datafield tag="999" ind1="C" ind2="5">
    <marc:subfield code="o">20</marc:subfield>
    <marc:subfield code="h">Cotton, W.D.</marc:subfield>
  </marc:datafield>
  <marc:datafield tag="999" ind1="C" ind2="5">
    <marc:subfield code="o">20</marc:subfield>
    <marc:subfield code="h">Greisen, E.W.</marc:subfield>
  </marc:datafield>
  <marc:datafield tag="999" ind1="C" ind2="5">
    <marc:subfield code="o">20</marc:subfield>
    <marc:subfield code="h">Yin, Q.F.</marc:subfield>
  </marc:datafield>
  <marc:datafield tag="999" ind1="C" ind2="5">
    <marc:subfield code="o">20</marc:subfield>
    <marc:subfield code="h">Perley, R.A.</marc:subfield>
  </marc:datafield>
  <marc:datafield tag="999" ind1="C" ind2="5">
    <marc:subfield code="o">20</marc:subfield>
    <marc:subfield code="h">Taylor, G.B.</marc:subfield>
  </marc:datafield>
  <marc:datafield tag="999" ind1="C" ind2="5">
    <marc:subfield code="o">20</marc:subfield>
    <marc:subfield code="h">Broderick, J.J.</marc:subfield>
    <marc:subfield code="m">The NRAO VLA Sky Survey</marc:subfield>
    <marc:subfield code="s">Astron.J.,115,1693-1716</marc:subfield>
    <marc:subfield code="y">1998</marc:subfield>
    <marc:subfield code="0">492114</marc:subfield>
  </marc:datafield>
  <marc:datafield tag="999" ind1="C" ind2="5">
    <marc:subfield code="o">21</marc:subfield>
    <marc:subfield code="h">Aharonian, F.</marc:subfield>
  </marc:datafield>
  <marc:datafield tag="999" ind1="C" ind2="5">
    <marc:subfield code="o">21</marc:subfield>
    <marc:subfield code="h">Akhperjanian, A.G.</marc:subfield>
  </marc:datafield>
  <marc:datafield tag="999" ind1="C" ind2="5">
    <marc:subfield code="o">21</marc:subfield>
    <marc:subfield code="h">Bazer-Bachi, A.R.</marc:subfield>
  </marc:datafield>
  <marc:datafield tag="999" ind1="C" ind2="5">
    <marc:subfield code="o">21</marc:subfield>
    <marc:subfield code="h">Beilicke, M.</marc:subfield>
  </marc:datafield>
  <marc:datafield tag="999" ind1="C" ind2="5">
    <marc:subfield code="o">21</marc:subfield>
    <marc:subfield code="h">Benbow, W.</marc:subfield>
  </marc:datafield>
  <marc:datafield tag="999" ind1="C" ind2="5">
    <marc:subfield code="o">21</marc:subfield>
    <marc:subfield code="h">Berge, D.</marc:subfield>
  </marc:datafield>
  <marc:datafield tag="999" ind1="C" ind2="5">
    <marc:subfield code="o">21</marc:subfield>
    <marc:subfield code="h">Bernlhr, K.</marc:subfield>
  </marc:datafield>
  <marc:datafield tag="999" ind1="C" ind2="5">
    <marc:subfield code="o">21</marc:subfield>
    <marc:subfield code="h">Boisson, C.</marc:subfield>
  </marc:datafield>
  <marc:datafield tag="999" ind1="C" ind2="5">
    <marc:subfield code="o">21</marc:subfield>
    <marc:subfield code="h">Bolz, O.</marc:subfield>
  </marc:datafield>
  <marc:datafield tag="999" ind1="C" ind2="5">
    <marc:subfield code="o">21</marc:subfield>
    <marc:subfield code="h">Borrel, V.</marc:subfield>
  </marc:datafield>
  <marc:datafield tag="999" ind1="C" ind2="5">
    <marc:subfield code="o">21</marc:subfield>
    <marc:subfield code="m">et al.. A low level of extragalactic background light as revealed by -rays from blazars</marc:subfield>
    <marc:subfield code="s">Nature,440,1018-1021</marc:subfield>
    <marc:subfield code="y">2006</marc:subfield>
    <marc:subfield code="0">688838</marc:subfield>
  </marc:datafield>
  <marc:datafield tag="999" ind1="C" ind2="5">
    <marc:subfield code="o">22</marc:subfield>
    <marc:subfield code="h">Stecker, F.W.</marc:subfield>
  </marc:datafield>
  <marc:datafield tag="999" ind1="C" ind2="5">
    <marc:subfield code="o">22</marc:subfield>
    <marc:subfield code="h">Scully, S.T.</marc:subfield>
  </marc:datafield>
  <marc:datafield tag="999" ind1="C" ind2="5">
    <marc:subfield code="o">22</marc:subfield>
    <marc:subfield code="h">Malkan, M.A.</marc:subfield>
    <marc:subfield code="m">An Empirical Determination of the Intergalactic Background Light from UV to FIR Wavelengths Using FIR Deep Galaxy Surveys and the Gamma-Ray Opacity of the Universe</marc:subfield>
    <marc:subfield code="s">Astrophys.J.,827,6</marc:subfield>
    <marc:subfield code="y">2016</marc:subfield>
    <marc:subfield code="0">1455769</marc:subfield>
  </marc:datafield>
  <marc:datafield tag="999" ind1="C" ind2="5">
    <marc:subfield code="o">23</marc:subfield>
    <marc:subfield code="h">Giroletti, M.</marc:subfield>
  </marc:datafield>
  <marc:datafield tag="999" ind1="C" ind2="5">
    <marc:subfield code="o">23</marc:subfield>
    <marc:subfield code="h">Giovannini, G.</marc:subfield>
  </marc:datafield>
  <marc:datafield tag="999" ind1="C" ind2="5">
    <marc:subfield code="o">23</marc:subfield>
    <marc:subfield code="h">Cotton, W.D.</marc:subfield>
  </marc:datafield>
  <marc:datafield tag="999" ind1="C" ind2="5">
    <marc:subfield code="o">23</marc:subfield>
    <marc:subfield code="h">Taylor, G.B.</marc:subfield>
  </marc:datafield>
  <marc:datafield tag="999" ind1="C" ind2="5">
    <marc:subfield code="o">23</marc:subfield>
    <marc:subfield code="h">Prez-Torres, M.A.</marc:subfield>
  </marc:datafield>
  <marc:datafield tag="999" ind1="C" ind2="5">
    <marc:subfield code="o">23</marc:subfield>
    <marc:subfield code="h">Chiaberge, M.</marc:subfield>
  </marc:datafield>
  <marc:datafield tag="999" ind1="C" ind2="5">
    <marc:subfield code="o">23</marc:subfield>
    <marc:subfield code="h">Edwards, P.G.</marc:subfield>
    <marc:subfield code="m">The jet of Markarian 501 from millions of Schwarzschild radii down to a few hundreds</marc:subfield>
    <marc:subfield code="s">Astron.Astrophys.,488,905-914</marc:subfield>
    <marc:subfield code="y">2008</marc:subfield>
    <marc:subfield code="0">790538</marc:subfield>
  </marc:datafield>
  <marc:datafield tag="999" ind1="C" ind2="5">
    <marc:subfield code="o">24</marc:subfield>
    <marc:subfield code="h">Georganopoulos, M.</marc:subfield>
  </marc:datafield>
  <marc:datafield tag="999" ind1="C" ind2="5">
    <marc:subfield code="o">24</marc:subfield>
    <marc:subfield code="h">Kazanas, D.</marc:subfield>
    <marc:subfield code="m">Decelerating Flows in TeV Blazars: A Resolution to the BL Lacertae-FR I Unification Problem. Astrophys. J Lett., 594, L27-L30</marc:subfield>
    <marc:subfield code="y">2003</marc:subfield>
  </marc:datafield>
  <marc:datafield tag="999" ind1="C" ind2="5">
    <marc:subfield code="o">25</marc:subfield>
    <marc:subfield code="m">Gopal-Krishna</marc:subfield>
  </marc:datafield>
  <marc:datafield tag="999" ind1="C" ind2="5">
    <marc:subfield code="o">25</marc:subfield>
    <marc:subfield code="h">Dhurde, S.</marc:subfield>
  </marc:datafield>
  <marc:datafield tag="999" ind1="C" ind2="5">
    <marc:subfield code="o">25</marc:subfield>
    <marc:subfield code="h">Wiita, P.J.</marc:subfield>
    <marc:subfield code="m">Do the Mildly Superluminal VLBI Knots Exclude Ultrarelativistic Blazar Jets? Astrophys. J Lett., 615, L81-L84</marc:subfield>
    <marc:subfield code="y">2004</marc:subfield>
  </marc:datafield>
  <marc:datafield tag="999" ind1="C" ind2="5">
    <marc:subfield code="o">26</marc:subfield>
    <marc:subfield code="h">Ghisellini, G.</marc:subfield>
  </marc:datafield>
  <marc:datafield tag="999" ind1="C" ind2="5">
    <marc:subfield code="o">26</marc:subfield>
    <marc:subfield code="h">Tavecchio, F.</marc:subfield>
  </marc:datafield>
  <marc:datafield tag="999" ind1="C" ind2="5">
    <marc:subfield code="o">26</marc:subfield>
    <marc:subfield code="h">Chiaberge, M.</marc:subfield>
    <marc:subfield code="m">Structured jets in TeV BL Lac objects and radiogalaxies. Implications for the observed properties</marc:subfield>
    <marc:subfield code="s">Astron.Astrophys.,432,401-410</marc:subfield>
    <marc:subfield code="y">2005</marc:subfield>
    <marc:subfield code="0">651633</marc:subfield>
  </marc:datafield>
  <marc:datafield tag="999" ind1="C" ind2="5">
    <marc:subfield code="o">27</marc:subfield>
    <marc:subfield code="m">Gopal-Krishna</marc:subfield>
  </marc:datafield>
  <marc:datafield tag="999" ind1="C" ind2="5">
    <marc:subfield code="o">27</marc:subfield>
    <marc:subfield code="h">Wiita, P.J.</marc:subfield>
  </marc:datafield>
  <marc:datafield tag="999" ind1="C" ind2="5">
    <marc:subfield code="o">27</marc:subfield>
    <marc:subfield code="h">Dhurde, S.</marc:subfield>
    <marc:subfield code="m">Bulk motion of ultrarelativistic conical blazar jets</marc:subfield>
    <marc:subfield code="s">Mon.Not.Roy.Astron.Soc.,369,1287-1292</marc:subfield>
    <marc:subfield code="y">2006</marc:subfield>
    <marc:subfield code="0">713253</marc:subfield>
  </marc:datafield>
  <marc:datafield tag="999" ind1="C" ind2="5">
    <marc:subfield code="o">28</marc:subfield>
    <marc:subfield code="m">Gopal-Krishna</marc:subfield>
  </marc:datafield>
  <marc:datafield tag="999" ind1="C" ind2="5">
    <marc:subfield code="o">28</marc:subfield>
    <marc:subfield code="h">Dhurde, S.</marc:subfield>
  </marc:datafield>
  <marc:datafield tag="999" ind1="C" ind2="5">
    <marc:subfield code="o">28</marc:subfield>
    <marc:subfield code="h">Sircar, P.</marc:subfield>
  </marc:datafield>
  <marc:datafield tag="999" ind1="C" ind2="5">
    <marc:subfield code="o">28</marc:subfield>
    <marc:subfield code="h">Wiita, P.J.</marc:subfield>
    <marc:subfield code="m">Influence of the jet opening angle on the derived kinematical parameters of blazar jets having uniform and stratified bulk motion</marc:subfield>
    <marc:subfield code="s">Mon.Not.Roy.Astron.Soc.,377,446-452</marc:subfield>
    <marc:subfield code="y">2007</marc:subfield>
    <marc:subfield code="0">756772</marc:subfield>
  </marc:datafield>
  <marc:datafield tag="999" ind1="C" ind2="5">
    <marc:subfield code="o">29</marc:subfield>
    <marc:subfield code="h">Marscher, A.P.</marc:subfield>
    <marc:subfield code="m">Turbulent, Extreme Multi-zone Model for Simulating Flux and Polarization Variability in Blazars</marc:subfield>
    <marc:subfield code="s">Astrophys.J.,780,87</marc:subfield>
    <marc:subfield code="y">2014</marc:subfield>
    <marc:subfield code="0">1266729</marc:subfield>
  </marc:datafield>
  <marc:datafield tag="999" ind1="C" ind2="5">
    <marc:subfield code="o">30</marc:subfield>
    <marc:subfield code="h">Tavecchio, F.</marc:subfield>
  </marc:datafield>
  <marc:datafield tag="999" ind1="C" ind2="5">
    <marc:subfield code="o">30</marc:subfield>
    <marc:subfield code="h">Becerra-Gonzalez, J.</marc:subfield>
  </marc:datafield>
  <marc:datafield tag="999" ind1="C" ind2="5">
    <marc:subfield code="o">30</marc:subfield>
    <marc:subfield code="h">Ghisellini, G.</marc:subfield>
  </marc:datafield>
  <marc:datafield tag="999" ind1="C" ind2="5">
    <marc:subfield code="o">30</marc:subfield>
    <marc:subfield code="h">Stamerra, A.</marc:subfield>
  </marc:datafield>
  <marc:datafield tag="999" ind1="C" ind2="5">
    <marc:subfield code="o">30</marc:subfield>
    <marc:subfield code="h">Bonnoli, G.</marc:subfield>
  </marc:datafield>
  <marc:datafield tag="999" ind1="C" ind2="5">
    <marc:subfield code="o">30</marc:subfield>
    <marc:subfield code="h">Foschini, L.</marc:subfield>
  </marc:datafield>
  <marc:datafield tag="999" ind1="C" ind2="5">
    <marc:subfield code="o">30</marc:subfield>
    <marc:subfield code="h">Maraschi, L.</marc:subfield>
    <marc:subfield code="m">On the origin of the -ray emission from the flaring blazar PKS 1222+216</marc:subfield>
    <marc:subfield code="s">Astron.Astrophys.,534,A86</marc:subfield>
    <marc:subfield code="y">2011</marc:subfield>
    <marc:subfield code="0">894733</marc:subfield>
  </marc:datafield>
  <marc:datafield tag="999" ind1="C" ind2="5">
    <marc:subfield code="o">31</marc:subfield>
    <marc:subfield code="h">Giannios, D.</marc:subfield>
    <marc:subfield code="m">Reconnection-driven plasmoids in blazars: fast flares on a slow envelope</marc:subfield>
    <marc:subfield code="s">Mon.Not.Roy.Astron.Soc.,431,355-363</marc:subfield>
    <marc:subfield code="y">2013</marc:subfield>
    <marc:subfield code="0">1197969</marc:subfield>
  </marc:datafield>
  <marc:datafield tag="999" ind1="C" ind2="5">
    <marc:subfield code="o">32</marc:subfield>
    <marc:subfield code="h">Hervet, O.</marc:subfield>
  </marc:datafield>
  <marc:datafield tag="999" ind1="C" ind2="5">
    <marc:subfield code="o">32</marc:subfield>
    <marc:subfield code="h">Boisson, C.</marc:subfield>
  </marc:datafield>
  <marc:datafield tag="999" ind1="C" ind2="5">
    <marc:subfield code="o">32</marc:subfield>
    <marc:subfield code="h">Sol, H.</marc:subfield>
    <marc:subfield code="m">An innovative blazar classification based on radio jet kinematics</marc:subfield>
    <marc:subfield code="s">Astron.Astrophys.,592,A22</marc:subfield>
    <marc:subfield code="y">2016</marc:subfield>
    <marc:subfield code="0">1456752</marc:subfield>
  </marc:datafield>
  <marc:datafield tag="999" ind1="C" ind2="5">
    <marc:subfield code="o">33</marc:subfield>
    <marc:subfield code="h">Giommi, P.</marc:subfield>
  </marc:datafield>
  <marc:datafield tag="999" ind1="C" ind2="5">
    <marc:subfield code="o">33</marc:subfield>
    <marc:subfield code="h">Padovani, P.</marc:subfield>
  </marc:datafield>
  <marc:datafield tag="999" ind1="C" ind2="5">
    <marc:subfield code="o">33</marc:subfield>
    <marc:subfield code="h">Polenta, G.</marc:subfield>
  </marc:datafield>
  <marc:datafield tag="999" ind1="C" ind2="5">
    <marc:subfield code="o">33</marc:subfield>
    <marc:subfield code="h">Turriziani, S.</marc:subfield>
  </marc:datafield>
  <marc:datafield tag="999" ind1="C" ind2="5">
    <marc:subfield code="o">33</marc:subfield>
    <marc:subfield code="h">DElia, V.</marc:subfield>
  </marc:datafield>
  <marc:datafield tag="999" ind1="C" ind2="5">
    <marc:subfield code="o">33</marc:subfield>
    <marc:subfield code="h">Piranomonte, S. A</marc:subfield>
    <marc:subfield code="m">simplified view of blazars: clearing the fog around long-standing selection effects c 2016 by the authors. Submitted to Galaxies for possible open access publication under the terms and conditions of the Creative Commons Attribution license</marc:subfield>
    <marc:subfield code="s">Mon.Not.Roy.Astron.Soc.,420,2899-2911</marc:subfield>
    <marc:subfield code="u">http://creativecommons.org/licenses/by/4.0/</marc:subfield>
    <marc:subfield code="y">2012</marc:subfield>
    <marc:subfield code="0">940819</marc:subfield>
  </marc:datafield>
  <marc:datafield tag="999" ind1="C" ind2="6">
    <marc:subfield code="a">0-0-1-6-1-0-1</marc:subfield>
    <marc:subfield code="t">2016-12-20 14:47:10</marc:subfield>
    <marc:subfield code="v">Invenio/1.1.2.1260-aa76f refextract/1.5.44</marc:subfield>
    <marc:subfield code="v">content.pdf;2</marc:subfield>
  </marc:datafield>
</marc:record>
</metadata></record></ListRecords>
</OAI-PMH>

